2392 3840
518 121 697 177 ΕΠΠΑΦΙΟ(
1072 119 1115 184 93

95 278 205 349 ξαντο,
230 267 302 333 ἀλλ’
327 267 354 332 εί
378 268 455 331 δέον
478 266 593 344 εἰπεῖν,
614 271 619 343 1
641 269 690 332 καὶ
714 266 872 347 μείζωῑνᾞ.
919 267 950 331 οί
972 270 1030 346 μὲν
1053 270 1114 347 γὰρ

93 361 190 443 τοὺ[ς
210 357 216 445 Ι
236 363 295 437 τῆς
322 356 476 434 πατρίδος
506 356 684 434 τυράννους
718 353 924 441 [καῇτέλυςαη
957 355 1046 420 οὗτοι
1079 360 1115 422 δὲ

60 452 175 514 υτοὺς
206 452 265 526 τῆς
291 442 454 532 ἜλΙλάδος
486 443 617 523 άπάςης.
641 445 668 507 ὢ
691 448 790 525 καλῆς
823 446 880 523 μὲν
904 444 915 526 ΙΙ
938 447 990 508 καὶ
1013 466 1114 524 παρα·
1134 461 1169 512 40

96 539 196 603 δόξαν
211 537 334 614 τόλμης
352 539 409 613 τῆς
429 530 434 619 Ι
454 534 644 612 πραχθείςης
663 534 727 598 ὑπὸ
745 538 849 597 τῶνδε
868 537 933 597 τῶν
953 537 958 611 l
978 532 1115 613 ἀνδρῶν,

95 627 237 692 ἐνδόξου
258 626 293 689 δὲ
314 624 366 688 καὶ
385 619 660 707 μείγαλοπρεποῦς
679 624 893 702 προαιρέςεως
910 619 913 706 I
929 622 966 700 ἧς
985 624 1114 704 maffia]-

58 739 83 779 ιο
96 716 243 793 είλοντο,
266 748 313 758 -
335 709 599 796 ὑπερβαλζξλοάςης
627 714 662 776 δὲ
686 711 801 791 ἀρετῆς
823 713 874 775 καὶ
897 707 1117 797 ἀνδραίγαθίας

95 811 153 885 τῆς
177 805 216 868 ἐν
239 807 309 867 τοῖς
333 802 500 876 κινδύνοις,
521 805 526 878 Ι
545 804 586 880 ἣν
604 800 695 865 οὗτοι
713 800 949 879 παραςχόμενοι
968 800 1013 865 εἰς
1033 798 1038 882 Ι
1058 803 1117 881 τὴν

99 896 214 972 κοινὴν
239 890 423 969 ἐλευθερίαν
442 893 449 968 l
467 892 534 953 τῶν
552 889 713 969 Ἑλλήνων
733 885 739 976 Ι

478 1006 496 1044 *
727 1007 745 1046 ³12

603 1049 623 1091 *

191 1122 361 1205 [Χαλεπὸν
385 1122 442 1199 μὲν
464 1119 539 1183 ίςως
562 1122 626 1185 ἐςτὶ
648 1124 723 1186 τοὺς
747 1122 783 1186 ἐν
801 1127 870 1186 τοῖς
887 1123 1045 1186 τοιούτοις
1064 1120 1117 1185 ὄν·
1136 1137 1170 1187 41

98 1233 157 1277 τας
181 1211 296 1275 πάθεα
328 1214 591 1288 παραμυθεῖςθαι·
621 1210 661 1273 τά
690 1211 751 1288 γάρ
783 1214 884 1289 πένθη
915 1210 990 1276 οὔτε
1019 1210 1118 1287 λόγωι

100 1301 177 1366 οὔτε
202 1300 306 1378 νόμωι
329 1299 507 1376 κοιμίζεται,
531 1295 601 1361 ἀλλ’
624 1298 643 1376 ἡ
668 1300 760 1377 φύςις
788 1299 921 1363 ἑκάςτου
948 1302 999 1363 καὶ
1027 1299 1119 1379 φιλία

100 1392 182 1469 πρὸς
202 1389 262 1452 τὸν
280 1390 515 1467 τελευτήςαντα
534 1387 621 1467 (τὸν)
637 1386 765 1465 ὁριςμὸν
784 1386 927 1465 ἔχειτοῦ
946 1392 1118 1453 λυπεῑςθαι.

100 1479 189 1558 ὅμως
214 1479 251 1541 δὲ
276 1479 336 1555 χρὴ
361 1481 491 1555 θαρρεῖν
521 1477 573 1539 καὶ
603 1481 658 1554 τῆς
686 1476 788 1553 λύπης
816 1481 985 1554 παραιρεῖν
1014 1478 1058 1541 εἰς
1081 1478 1119 1541 τὸ

100 1566 332 1645 ἐνδεχόμενον,
357 1567 408 1629 καὶ
432 1570 602 1642 μεμνῆςθαι
627 1567 666 1642 μὴ
691 1564 793 1642 μόνον
811 1568 870 1628 τοῦ
894 1564 1034 1630 θανάτου
1053 1569 1119 1629 τῶν

100 1655 391 1733 τετελευτηκότων,
410 1652 494 1717 ἀλλὰ
511 1654 637 1732 καὶτῆς
656 1651 770 1731 ἀρετῆς
788 1652 826 1731 ἧς
846 1654 1118 1718 καταλελοίπαςιν.

101 1747 130 1812 εί
154 1746 217 1824 γὰρ
243 1745 371 1822 θρήνων
396 1740 466 1807 άξια
489 1743 694 1819 πεπόνθαςιν,
718 1740 789 1806 ἀλλ’
808 1741 950 1806 ἐπαίνων
970 1743 1119 1822 μεγάλων
1138 1760 1172 1809 42

101 1835 323 1914 πεποιήκαςιν.
347 1832 374 1896 εἰ
398 1833 433 1895 δὲ
456 1833 562 1910 γήρως
585 1835 703 1910 θνητοῦ
727 1833 766 1910 μὴ
790 1832 950 1910 μετέςχον,
974 1829 1045 1895 ἀλλ’
1069 1830 1119 1895 εὐ-

101 1975 321 1988 “—

176 2068 209 2116 31
237 2064 321 2127 μειζω
345 2058 410 2113 fort.
425 2058 463 2111 A³
485 2076 554 2114 corr.
579 2090 612 2099 -
635 2064 670 2112 43
693 2060 782 2115 ἐλευθ.
807 2059 872 2131 [τήν
894 2059 959 2129 Bb.;
983 2061 1020 2115 ἐλ.
1038 2063 1043 2128 Ι
1062 2065 1121 2114 τῶν

103 2134 153 2190 cb.
169 2164 204 2173 -
219 2134 254 2186 ut
273 2132 421 2197 extremus,
440 2130 482 2184 ita
500 2129 545 2184 hio
565 2146 676 2198 quoque
694 2146 791 2184 versus
808 2133 884 2186 iusto
902 2131 1014 2186 brevior
1027 2131 1120 2186 fuerit.

177 2203 302 2257 Exstant
319 2202 466 2270 praeterea
485 2200 540 2254 duo
557 2201 676 2270 parvula
693 2200 776 2255 huius
790 2202 940 2256 voluminis
953 2202 1121 2272 fragmenta,

104 2292 226 2346 quorum
240 2273 371 2339 alterum,
390 2273 419 2325 in
438 2287 493 2340 quo
508 2273 683 2327 transversae
701 2271 789 2328 fibrae
807 2276 995 2343 porriguntur,
1016 2276 1065 2328 aut
1083 2273 1121 2327 ad

104 2347 159 2402 eol.
174 2347 214 2401 XI
239 2344 377 2414 pertinuit
396 2345 444 2397 aut
468 2343 504 2397 ad
527 2342 652 2411 aliquam
671 2360 742 2411 quae
764 2347 830 2414 post
850 2345 924 2399 XIII.
944 2347 1120 2413 sequebatur.

104 2418 137 2472 Id
151 2418 206 2487 fug.
218 2433 252 2470 ex
268 2413 397 2468 omuibus
412 2413 540 2482 partibus
554 2415 716 2469 mutilatum
730 2415 782 2469 has
797 2415 908 2469 IItteras
921 2415 1020 2470 habetz
1036 2416 1118 2487 αλλογ

105 2493 178 2544 πολλ
194 2490 199 2558 Ι
215 2504 273 2558 μεν.
310 2485 438 2539 Alterum
456 2485 518 2554 fug„
538 2486 613 2553 quod
631 2486 780 2554 postmodo
798 2485 943 2541 inventum
961 2488 1122 2554 nequedum

105 2578 152 2630 ap.
161 2559 372 2626 Babiugtonem
383 2555 538 2610 exhibitum
548 2559 599 2624 est,
614 2574 688 2610 nune
702 2559 796 2610 autem
810 2557 908 2612 latitat
916 2574 1006 2627 neque
1019 2561 1122 2613 Iterum
1172 2558 1175 2571 '

105 2627 266 2758 {aaa
279 2626 466 2766 Ptiiuhtig
479 2627 608 2766 pesti
626 2629 803 2753 uiua*
816 2632 904 2754 di*
917 2651 998 2755 ιθ·
1024 2630 1121 2700 ΜΨ

179 2718 304 2827 Acceditl
319 2768 426 2840 epilogi
444 2787 546 2837 magna
565 2785 630 2838 pars
649 2786 666 2823 a
685 2771 762 2826 Stob.
779 2770 852 2825 Flor.
873 2744 937 2839 me}
948 2744 1123 2841 36⁸aervata

105 2844 157 2900 ubi
175 2843 283 2897 lemma
303 2842 450 2909 Ὑπερίδου
469 2840 622 2908 praefixum
642 2842 693 2894 est.
713 2873 745 2881 -
764 2843 872 2912 πάθεα]
891 2845 999 2898 πένθεςι
1017 2845 1074 2900 Μίι.
1091 2877 1122 2884 -

105 2919 158 2972 τόν
173 2916 287 2982 ὁριςμὸν
302 2913 338 2980 8.,
358 2915 401 2980 ὁρ.
415 2910 490 2965 libri.
506 2943 539 2951 -
553 2918 697 2979 παραιρεῖν
713 2913 808 2969 Gom:
828 2921 897 2969 -νεῑν
916 2915 997 2968 codd.
1013 2920 1124 2984 praeter

106 2987 146 3041 A²
162 3003 233 3041 corr.
250 3016 283 3024 —
298 2989 351 3050 τῆς
369 2984 412 3051 ἀρ.
432 2981 487 3056 <ἦς
505 2982 694 3049 άποδεδείχαςι
712 2987 826 3051 καὶτῆς
844 2986 947 3059 δόξης>
966 2987 999 3052 ἧς
1018 2986 1074 3042 Μίι.
1090 3018 1123 3027 -

107 3059 132 3114 εἰ
151 3060 205 3126 γάρ
226 3061 268 3124 θρ.
287 3053 429 3124 Leopardi
448 3052 511 3121 (Rh.
526 3054 564 3106 M.
583 3059 652 3108 18θὸ
671 3073 697 3124 p.
715 3058 771 3125 11);
791 3058 824 3110 οὐ
844 3059 897 3126 γὰρ
916 3063 957 3126 θρ.
972 3089 1008 3097 -
1021 3060 1124 3125 ἑπιμὲλ.

106 3134 167 3185 τῶν
187 3128 343 3194 οἰχομένων
362 3126 438 3192 παρὰ
457 3124 529 3178 Max.
549 3127 584 3194 (τ,
600 3124 683 3195 ίιιίι.).
700 3159 732 3166 -
752 3130 843 3197 ὥςπερ
861 3131 941 3183 άπολ.
961 3131 1040 3196 εἶναι,
1058 3134 1125 3186 τοὺς

106 3208 169 3256 ταῖς
192 3200 249 3253 κτὲ.
274 3198 313 3264 Δγ
338 3195 388 3250 alii
416 3195 496 3250 codd.
519 3198 551 3249 ὥ.
571 3198 596 3249 ὑ.
620 3197 662 3264 εἴη
686 3217 712 3252 τ.
735 3218 759 3254 τ.
792 3199 864 3254 Hinc
888 3199 916 3256 S.
940 3202 999 3269 ὑπ,
1024 3203 1065 3270 εἴη
1091 3205 1125 3258 ἂν

108 3269 217 3337 οίίοοίίς
237 3267 287 3323 Οδ.
306 3268 372 3337 post
389 3267 527 3335 Toupium
546 3266 593 3335 (ad
607 3266 694 3337 Long.
709 3289 737 3323 π.
752 3272 778 3325 ὕ.
794 3287 816 3325 α.
832 3276 879 3338 343
898 3271 1046 3327 admonuit
1063 3273 1125 3343 Bb.)

107 3346 169 3411 δικ,
196 3341 278 3396 εἰκὸς.
316 3339 420 3393 Postea
440 3337 494 3390 AM
517 3342 561 3392 πλ.
581 3340 745 3409 ἐπιμελείας;
769 3340 900 3411 idemque
919 3345 1046 3413 Append.
1066 3346 1126 3402 flor.

107 3433 136 3484 p.
154 3420 186 3468 79
207 3410 319 3481 (addito
339 3413 383 3463 καὶ
402 3412 467 3478 post
484 3411 567 3476 ἐπιμ.)
587 3410 616 3463 et
634 3410 773 3466 Maximus
793 3414 871 3471 θοαί.
887 3434 915 3485 ρ.
931 3424 982 3472 642
1002 3417 1133 3471 Cumhdi.

110 3490 163 3540 199
183 3482 276 3550 turia,
296 3479 345 3535 ubi
360 3482 483 3534 extrema
497 3481 584 3536 verba
601 3480 670 3538 inde
684 3483 721 3539 ab
741 3484 767 3540 εί
781 3487 807 3541 δ’
823 3487 898 3543 tuuis
916 3487 1153 3557 §summam-
