2392 3840
482 131 686 187 Parnassio
925 212 928 217 ι
1002 131 1095 188 xxm

68 288 119 363 sit,
143 287 329 345 nontamen
347 301 528 361 magnopere
548 303 566 342 a
589 283 738 343 consuetis
761 302 945 360 papyrorum
968 283 1092 345 distant.

68 375 278 452 Conspiouam
302 375 404 431 autem
428 372 626 432 differentiam
649 373 724 431 fauit
744 372 925 449 paginarum
948 373 1094 450 latitud03

68 467 145 526 sunt
164 464 246 524 enim
265 461 426 537 grandium
443 462 552 519 harum
570 461 744 520 litterarum
761 461 792 518 in
810 479 988 537 unoquoque
1002 481 1093 522 versu

66 555 120 616 101
145 552 271 614 vicenae
299 553 423 610 ootonae
446 551 495 610 101
520 550 612 609 etiam
639 549 754 625 plures,
783 568 878 625 usque
903 550 941 610 ad
963 549 1093 611 tricenas

69 647 180 703 ternas
204 642 415 718 quaternasve.
454 639 505 697 Fit
528 657 564 698 ea
585 638 711 713 ratione,
733 642 769 698 ut
792 639 944 698 difficilius
967 639 1093 698 lacunae

69 730 217 792 resarciri
248 728 380 804 possint3
417 727 548 786 dimidiis
581 727 660 786 enim
691 728 827 787 versibus
865 728 975 787 ablatis
1002 727 1092 788 nimis

67 821 188 880 multae
215 817 338 876 litterae
366 815 511 893 oniasque
540 815 658 875 desunt.
704 815 818 876 Versus
841 820 943 877 autem
967 817 1094 876 suntin

67 908 193 988 paginis
207 906 307 967 vioeni
320 905 438 982 septeni
452 905 595 965 octonive.
632 905 749 964 Desunt
768 909 920 983 accentus,
939 906 1093 965 adduntur

67 999 120 1058 hio
148 996 215 1056 illio
242 996 356 1071 puncta
383 994 454 1052 bina
483 1011 493 1053 1
520 993 640 1053 litterae
667 994 699 1052 in
721 994 868 1071 principio
881 995 1091 1072 syllabarum:

66 1091 136 1160 1ίνα,
167 1087 290 1161 ουτοεϊς
323 1084 417 1142 semel
444 1081 526 1141 bisve
556 1084 756 1159 apostrophus
784 1087 884 1144 exstat
911 1075 951 1166 (o.
971 1084 1042 1160 VH,
1063 1087 1091 1144 3.

66 1175 154 1252 ΧῙΙΙ,
177 1165 266 1252 Ml).
307 1171 546 1247 Interpungendi
569 1171 728 1247 diligentia
750 1172 782 1231 in
804 1166 846 1231 Α1
868 1173 972 1248 paullo
995 1175 1093 1233 maior

67 1269 130 1341 est,
161 1262 241 1323 ratio
270 1261 376 1320 eadem
405 1260 436 1318 in
464 1262 605 1337 utroque,
636 1266 848 1338 praeterquam
879 1263 959 1338 quod
988 1263 1020 1322 in
1049 1255 1091 1323 Α2

67 1351 284 1430 paragraphus
303 1368 364 1409 non
381 1349 558 1409 incurvatur
578 1368 675 1425 neque
698 1354 770 1408 sunt
791 1354 856 1409 tam
874 1353 976 1428 ampla
998 1350 1091 1412 inter-

67 1443 165 1504 stitia.
214 1437 393 1499 Oorreetum
419 1440 466 1497 est
492 1436 541 1496 hio
568 1437 631 1497 illio
658 1438 708 1497 101
735 1438 773 1497 ab
800 1439 866 1514 ipso
893 1441 1018 1501 librario
1041 1442 1091 1500 101

65 1533 107 1591 ab
128 1529 198 1590 aliis
216 1527 369 1603 manibus,
390 1526 443 1587 sad
462 1526 565 1585 sedulo
584 1525 615 1584 id
634 1543 652 1584 a
670 1527 787 1585 nemine
801 1528 923 1587 fastum.
954 1529 1038 1600 Quod
1053 1530 1091 1589 ad

67 1616 324 1697 orthographiam
338 1615 456 1693 attinet,
475 1634 534 1674 non
552 1617 678 1673 noverat
691 1614 832 1674 librarius
845 1615 959 1675 iustum
978 1637 1066 1677 usum
1080 1636 1089 1678 ι

67 1708 162 1785 muti,
192 1705 273 1784 quod
302 1705 375 1764 satis
403 1723 492 1781 saepe
516 1703 564 1762 vel
587 1703 702 1763 omittit
729 1704 806 1763 falso
829 1704 878 1763 101
902 1705 986 1765 addit
1014 1698 1091 1787 (εἴηι

70 1803 100 1874 1,
116 1800 146 1858 3.
172 1799 202 1874 2,
218 1797 246 1854 6.
273 1796 390 1866 11,11.
414 1790 548 1866 ποιήεωι
572 1794 667 1869 6,11,
692 1787 780 1854 ἀξιῶι
800 1795 850 1866 13,
866 1795 896 1869 8,
919 1788 1088 1868 ἀπέχρηιεε

69 1888 168 1963 7,18,
188 1875 256 1964 al.);
281 1882 373 1942 etiarn
394 1898 421 1941 ει
439 1901 494 1958 pro
514 1878 524 1940 ῐ
543 1881 592 1941 101
611 1884 715 1941 eontra
733 1886 780 1942 est
798 1882 851 1941 ubi
871 1883 1015 1960 seriptum
1034 1884 1088 1944 sit:

70 1971 234 2036 Χολλίδου
261 1975 294 2048 1,
314 1974 365 2030 24.
403 1967 542 2043 γείνεται
566 1972 595 2047 3,
615 1974 644 2031 9.
680 1966 771 2046 ὑμεῖν
795 1974 828 2045 5,
849 1973 899 2032 26.
921 1968 1089 2054 ,πολεῖταε

69 2065 195 2143 15,10.
233 2061 280 2119 Ex
303 2059 408 2120 Attica
427 2059 578 2118 scribendi
596 2061 711 2120 ratione
730 2061 840 2121 mansit
858 2062 986 2122 fortasse
1005 2057 1088 2124 ἀνεί-

70 2168 171 2228 ρηκεν
198 2169 255 2226 pro
286 2143 455 2224 ἀνήιρηκεν
486 2151 518 2224 1,
538 2150 589 2208 25.
636 2149 775 2226 Syllabas
802 2151 834 2209 in
861 2151 918 2210 fine
946 2171 1088 2212 versuum

66 2243 115 2303 ita
138 2240 332 2314 dirimuntur,
355 2241 392 2297 ut
415 2253 430 2296 c
454 2255 522 2296 oum
545 2253 571 2315 τ,
595 2239 622 2310 θ,
646 2239 713 2297 aliis
737 2239 874 2299 consonis
897 2241 1088 2301 coniunctum

67 2333 199 2406 maneat,
222 2327 255 2387 id
278 2332 325 2387 est
346 2327 467 2386 inversa
489 2327 606 2386 ratione
629 2330 719 2404 atque
742 2329 774 2386 in
796 2319 887 2410 A¹.*)

160 2416 180 2495 ξ
203 2419 252 2477 16.
286 2415 462 2477 Proximum
489 2418 535 2474 est
563 2421 599 2474 ut
626 2418 757 2476 aetatem
780 2420 924 2494 quattuor
946 2421 1032 2479 volu·
1076 2431 1162 2494 Artas,

67 2509 187 2568 minum
220 2525 312 2584 quam
343 2504 466 2563 minime
497 2504 559 2562 late
591 2505 765 2580 patentibus
797 2505 905 2565 finibus
937 2508 1032 2568 inelu·
1051 2485 1175 2580 'duffim'

68 2599 185 2658 damus.
232 2595 339 2669 Itaque
364 2592 449 2653 (1οΑ
472 2592 544 2651 olim
568 2592 718 2670 Sauppius
741 2596 920 2654 sententiam
942 2597 1032 2676 dedit,

66 2706 129 2748 non
157 2684 256 2747 rideri
278 2683 310 2741 id
332 2683 473 2743 volumen
501 2682 725 2758 postmodium
749 2684 899 2742 saeculum
923 2687 1086 2746 secundum

68 2779 140 2836 ante
169 2772 238 2834 Ohr.
263 2774 370 2831 natum
398 2771 566 2831 confestum
594 2788 666 2831 esse.
712 2770 842 2850 collegit
863 2773 920 2833 hoe
948 2793 984 2833 er
1007 2795 1086 2836 oom-

66 2863 228 2942 paratione
256 2861 386 2920 aliorum
412 2859 612 2935 voluminum,
640 2878 768 2936 quorum
795 2864 878 2920 aetas
902 2864 1012 2924 certius
1036 2864 1086 2924 de·

65 2953 149 3012 finiri
181 2953 315 3027 poterat3
353 2969 449 3026 neque
482 2947 554 3007 olim
586 2948 674 3008 modo
707 2949 804 3008 virum
838 2950 959 3010 doctum
992 2953 1020 3014 J.
1051 2954 1085 3012 B.

65 3041 230 3120 Lightfoot
248 3057 434 3098 assensorem
452 3038 559 3096 nactus
580 3040 635 3113 est,
657 3036 709 3096 sed
733 3039 823 3098 etiam
845 3042 915 3116 post
937 3042 984 3100 101
1007 3061 1086 3103 nova

66 3133 195 3192 inventa
217 3129 317 3206 ipsum
336 3127 520 3204 Konyonem,
542 3125 643 3186 virum
664 3126 812 3203 imprimis
835 3147 960 3206 magnae
984 3128 1015 3187 in
1037 3131 1084 3191 his

67 3220 160 3279 rebus
190 3216 393 3293 auctoritatis,
422 3214 475 3291 qui
496 3215 546 3273 101
571 3215 770 3275 seeund00vel
793 3218 890 3294 primo
914 3236 939 3277 a.
963 3217 1032 3280 Chr.
1055 3240 1084 3280 n.

112 3422 188 3548 8*ἐο
197 3420 362 3477 Notandum
385 3420 534 3490 praeterea
559 3418 784 3493 apoclstdiurro]
811 3423 887 3490 quod
914 3422 1003 3478 luisse
1026 3425 1094 3478 uid.

65 3512 92 3550 o.
132 3537 139 3563 ,
190 3536 195 3549 .
