2392 3840
66 126 183 182 XXVIII
467 127 672 182 PRAEFATIO

69 297 143 354 quas
166 277 259 352 probe
284 277 344 336 scio
368 279 447 336 solas
476 277 622 356 genuinae
646 278 782 337 Atthidis
807 297 879 338 esse.
926 278 984 337 Sed
1007 280 1080 338 haee

68 367 195 440 leviora;
231 366 371 443 graviora
399 367 471 443 alia,
508 386 584 444 quae
611 369 672 426 iam
701 367 738 425 ad
771 368 952 426 sententiam
984 369 1080 443 ipsam

66 455 245 530 pertineant,
270 458 359 532 atque
383 456 414 513 in
438 457 480 514 eis
499 457 558 515 etsi
576 475 637 514 non
655 456 806 533 librarius,
829 458 980 515 corrector
999 460 1079 516 oerto

68 544 234 603 Ardeniani
256 544 327 602 libri
350 544 462 603 maiore
487 534 555 604 oum
573 544 732 621 diligentia
750 548 889 605 versatus
908 549 961 605 est.
1009 545 1080 604 Cor·

68 634 146 692 rexit
168 633 194 692 is
218 633 337 691 circiter
366 636 487 692 eentum
516 635 597 693 locos
628 635 798 710 mendOSOS,
831 654 926 711 neque
953 653 1082 711 usquam

69 722 106 781 de
130 721 322 781 correctionis
345 722 473 781 veritate
497 722 636 782 dantare
659 724 744 811 lieet5
773 742 848 800 quae
876 725 991 781 intacta
1014 725 1083 782 reli·

69 810 136 887 quit
159 814 261 886 aperte
284 811 435 888 mendosa,
460 812 698 889 orthographicis
721 812 782 870 illis
807 813 933 889 omissis⁷
956 813 1086 889 triginta

68 919 227 958 numerum
266 899 318 958 vix
350 901 503 959 excedunt.
550 901 684 970 Quorum
713 901 887 960 mendorum
920 904 956 959 ut
988 921 1083 978 genus

70 989 212 1063 origoque
235 988 448 1067 perspiciatur,
476 989 550 1048 haee
579 1009 655 1066 quae
683 1009 743 1048 uon
770 992 905 1049 eorreota
934 996 1004 1049 sunt
1023 992 1084 1049 iam

69 1078 100 1135 in
124 1080 286 1152 conspectu
307 1096 425 1152 ponam.
471 1073 619 1150 Λογογον
644 1073 772 1155 (λόγον)
792 1079 876 1138 Dem.
896 1081 925 1153 3,
946 1083 964 1138 7
973 1103 980 1155 3
1003 1076 1084 1139 Παι-

70 1161 156 1225 νιεύτ
180 1161 381 1242 (Παιανιεύς)
402 1169 453 1242 26,
474 1168 529 1242 13;
553 1167 698 1226 omissum
721 1161 761 1226 ἄν
781 1170 832 1243 30,
853 1170 889 1244 8;
913 1162 962 1226 ἅλ’
982 1162 1084 1245 (ἀλλ’)

70 1256 204 1331 34,15;
237 1255 465 1328 (υνκατηγορεῖ
496 1275 551 1331 pro
589 1257 837 1329 τυνκατηγορεῖν
869 1257 940 1332 Lye.
970 1260 1026 1330 44,
1051 1261 1086 1334 2,

72 1359 181 1403 οικειοι
204 1363 258 1418 pro
287 1338 318 1402 οἱ
346 1339 458 1403 οἰκεῖοι
480 1343 541 1403 ibd.
566 1336 652 1426 (pap.
671 1337 798 1426 Arden.)
823 1346 877 1404 ool.
899 1347 931 1421 33
960 1343 1087 1405 τούτων

70 1450 124 1508 pro
148 1428 265 1491 τούτου
286 1435 316 1491 et
335 1432 609 1493 ακουεινκελευειν
629 1435 738 1494 omisso
758 1430 809 1494 καί
828 1435 882 1494 col.
903 1436 932 1512 9,
957 1430 995 1494 οὐ
1016 1440 1084 1511 post

72 1516 138 1598 ᾤου
170 1521 314 1580 omissum
344 1522 398 1581 eol.
425 1525 481 1600 11,
514 1539 608 1582 αιτιαι
638 1543 692 1599 pro
723 1518 755 1583 oi
786 1519 881 1584 αἰτίαι
907 1526 961 1600 15;
995 1544 1085 1599 porro

71 1625 202 1683 μυρρινη
231 1631 285 1685 pro
315 1606 439 1690 Μυρίνῃ
466 1614 506 1670 14
531 1616 572 1670 et
590 1611 872 1672 covouottoorruc
903 1615 942 1672 15
973 1618 1003 1671 et
1032 1631 1084 1686 τη-

71 1697 154 1758 troo
177 1695 229 1780 (τῇ
248 1685 366 1778 ἡλικίᾳ)
389 1703 437 1778 12,
461 1701 493 1760 in
517 1701 626 1777 quibus
649 1702 824 1777 imperfecte
843 1705 1012 1760 correctum
1032 1706 1086 1761 est.

70 1788 107 1847 In
125 1789 320 1864 Euxenippea
343 1790 435 1848 habes
458 1807 615 1864 perversas
633 1790 790 1848 nominum
811 1791 975 1865 scripturas
995 1784 1085 1864 Ἀγη-

72 1876 177 1951 τικλῆ(
195 1896 249 1953 pro
269 1872 451 1952 Ἀγαεικλῆ(
470 1878 525 1936 ool.
546 1880 596 1950 19,
616 1874 762 1950 Αιῑηνιεα
782 1880 832 1937 38.
870 1878 961 1936 Porro
982 1895 1086 1951 ειεαγ-

72 1964 338 2037 γελιανανδουναι
366 1967 410 2024 40
441 1965 519 2023 male
552 1965 663 2023 iterata
695 1965 824 2040 syllaba,
859 1968 890 2022 et
922 1965 1018 2037 ιδιον,
1052 1972 1090 2026 ut

71 2053 223 2129 plerisque
244 2052 374 2124 ridetur,
398 2053 548 2111 contrario
567 2053 641 2112 vitio
660 2072 715 2128 pro
733 2047 818 2111 ἴδιον
837 2047 876 2111 ὄν
896 2056 945 2111 30.
989 2054 1088 2116 Huius

72 2141 169 2200 simile
192 2143 239 2200 est
262 2135 306 2199 ὼ(
329 2145 398 2216 post
416 2137 616 2215 Παλληνέωτ
635 2142 779 2200 omissum
798 2133 847 2220 (ut
866 2141 997 2201 (lobetus
1017 2163 1087 2204 oon·

71 2222 156 2310 iecit)
180 2229 235 2289 ool.
255 2231 307 2306 44,
331 2229 423 2289 etiam
446 2246 572 2289 τουτων
595 2249 649 2306 pro
673 2226 790 2289 τούτου
814 2230 879 2290 τῶν
905 2233 944 2290 25
971 2236 1001 2290 et
1026 2234 1086 2293 δει-

73 2334 172 2378 νατον
195 2338 249 2394 pro
274 2314 461 2379 δεινότατον
485 2321 540 2395 41,
573 2319 655 2378 illius
684 2336 1084 2396 υπηρετεικαικατατητττο-

73 2406 156 2466 λεω(
181 2409 236 2480 39,
268 2408 294 2467 si
317 2408 508 2494 (111114111ρΜ
536 2408 671 2468 abundat
694 2425 744 2468 και
771 2428 868 2486 neque
896 2405 1086 2486 ὑπηρετήκει

72 2497 285 2572 reponendum.
332 2497 390 2556 Vir
412 2499 510 2557 ullum
533 2498 720 2557 defensorem
738 2502 861 2558 nactum
885 2503 931 2559 est
949 2517 1087 2573 μηουτα-

77 2601 186 2659 αριετα
212 2589 254 2646 20
277 2606 332 2662 pro
356 2585 396 2661 μὴ
420 2583 460 2646 τὰ
484 2581 601 2661 ἄριττα.
638 2587 743 2664 Neque
768 2588 926 2647 defendam
950 2590 1088 2666 equidem

73 2675 122 2734 vel
141 2690 249 2734 oororc
268 2693 292 2734 o.
308 2678 360 2752 30,
379 2676 431 2735 ubi
451 2670 561 2736 αὐταῖς
582 2676 757 2754 requiritur,
776 2678 824 2736 vel
839 2672 956 2736 αὐτοὺ(
970 2674 1086 2753 ὑπηρε-

74 2763 209 2823 τοῦντα(
238 2766 279 2823 48
304 2783 359 2841 pro
388 2760 498 2825 αὐτοῑ(
526 2760 591 2838 ὑπ,
625 2784 797 2842 quanquam
830 2765 942 2825 retinet
969 2765 1087 2827 Caesar.

73 2853 167 2912 Porro
201 2869 345 2912 ειτιεαειν
377 2853 523 2929 seriptum
555 2873 610 2929 pro
644 2849 770 2913 εἰείατιν
804 2857 858 2930 21,
896 2849 999 2914 eiecto
1032 2876 1086 2933 pro

77 2937 175 3021 ᾧετθε
200 2944 252 3018 22,
275 2958 335 3001 ταν
358 2961 412 3018 pro
436 2943 507 3003 τοῖν
530 2944 579 3002 vol
602 2943 674 3004 ταῖν
694 2946 724 3002 et
743 2959 870 3017 ποιηεαι
888 2963 942 3019 pro
961 2943 1088 3018 uooirorr

76 3034 127 3108 29,
150 3026 378 3105 κοεμηεάμενοι
402 3051 456 3107 pro
480 3026 686 3106 ποιητάμενοι
707 3035 747 3092 36
774 3025 841 3113 (ubi
859 3052 928 3091 mox
952 3036 1088 3110 sequitur

75 3115 220 3197 κότμον),
251 3119 339 3179 δοκεῖ
365 3140 420 3196 pro
449 3115 554 3180 ἐδόκει
578 3124 634 3198 39,
666 3137 705 3195 ην
733 3141 787 3197 pro
810 3118 830 3201 ᾗ
855 3123 906 3180 46.
952 3122 1087 3200 Denique

76 3228 144 3268 oum
168 3212 208 3271 31
233 3224 407 3282 τεταφεναι
431 3228 484 3285 pro
512 3206 670 3283 τεθάφθαι
698 3207 751 3269 ναί
777 3210 920 3272 librarius
949 3210 1088 3284 dedisset,

74 3314 92 3356 τ
115 3299 314 3357 incorrectum
339 3299 457 3358 mansit.
505 3298 581 3357 Sunt
606 3301 669 3358 sino
693 3299 783 3359 dubio
806 3300 867 3358 alia
890 3300 966 3359 vitia
989 3302 1087 3377 magis

74 3386 210 3464 latentia,
234 3406 362 3464 quorum
385 3390 486 3447 tamon
508 3406 666 3447 numerum
692 3407 728 3447 ex
750 3388 797 3446 his
827 3407 903 3464 quae
926 3390 958 3446 in
980 3409 1088 3466 propa-

75 3477 141 3536 tulo
161 3480 231 3535 sunt
250 3477 440 3554 aliquatenus
459 3478 625 3538 coniectare
644 3478 749 3554 possis
788 3477 813 3535 E
833 3479 973 3537 correctis
993 3498 1090 3555 pauca
