2392 3840
473 110 681 166 PRAEFATIO
1024 113 1088 167 XIlI

69 286 142 326 oum
161 283 272 338 magno
291 264 394 322 fructu
412 267 458 321 est
478 263 628 337 expertus.
665 262 759 340 Signa
771 264 845 322 haee
860 266 942 322 sunt:
962 264 1088 324 delenda

65 355 176 413 littera
184 353 234 412 vel
248 352 438 429 transfigitur
446 352 496 411 vel
505 353 616 427 puncto
627 352 815 428 superposito
825 355 962 429 notatur3
978 352 1089 413 omissa

65 461 166 518 supra
179 459 300 500 versum
315 442 380 500 loco
397 439 497 499 debito
513 440 687 519 apponitur3
708 441 741 499 in
758 441 912 500 mutandis
925 443 1087 519 utrumque

64 532 113 592 fit.
161 530 260 589 Semel
283 531 315 588 in
337 529 532 604 Euxenippea
554 547 659 588 versus
683 533 767 589 totus
791 531 917 589 omissus
942 532 972 589 et
996 549 1088 607 supra

66 621 242 681 columnam
261 618 395 677 additus:
415 617 468 675 ubi
487 617 578 696 deest,
598 621 668 677 ante
683 620 851 678 columnam
866 618 973 678 duetus
987 620 1086 680 brevis

70 744 230 820 rotundus,
249 746 320 817 post
342 762 409 802 eam
428 716 456 816 d,
475 744 532 801 hoo
551 745 598 801 est
617 735 684 801 ἄνω
701 735 783 824 (vide
803 736 909 824 supra)
924 743 1087 822 appictum,

69 873 142 928 ante
167 886 290 929 versum
313 866 413 942 ipsum
435 868 515 926 idem
533 866 585 925 ille
605 866 721 941 duetus,
744 871 813 944 post
831 842 879 945 rdt,
903 868 983 944 quod
1002 863 1087 928 κάτω

71 950 162 1039 (vide
191 949 291 1036 infra)
327 957 587 1032 interpretandum
622 959 678 1015 est.
734 956 832 1016 Semel
865 959 949 1016 totus
981 975 1087 1017 versus

70 1047 151 1105 male
175 1044 319 1122 iteratus,
348 1045 440 1104 semel
467 1044 558 1105 etiam
585 1045 652 1120 plus
680 1064 770 1120 quam
798 1048 942 1122 quattuor
969 1064 1086 1106 versus:

73 1135 127 1194 ille
151 1134 237 1193 uneis
261 1134 400 1193 rotundis
423 1134 568 1208 inolusus,
596 1134 668 1192 haee
695 1136 815 1210 punotIs
838 1153 929 1210 supra
952 1135 1086 1211 singulas

68 1224 191 1283 litteras
214 1223 323 1298 positis
346 1225 452 1282 notata
475 1226 553 1282 sunt.

162 1309 182 1388 ξ
208 1314 237 1371 6.
279 1311 316 1369 In
353 1312 570 1388 orthographia
601 1311 678 1371 liber
710 1313 865 1388 complura
900 1313 1033 1372 notanda
1044 1305 1141 1408 ,ffihifi

71 1402 173 1461 habet.
213 1399 351 1459 Primum
374 1401 437 1459 iota
460 1401 539 1477 quod
558 1404 676 1459 mutum
695 1401 805 1460 dieitur
823 1401 961 1477 quodque
980 1400 1035 1459 illa
1057 1413 1142 1454 minis

71 1493 173 1549 aetate
197 1508 306 1550 revera
333 1489 536 1564 obmutuerat,
565 1507 683 1547 summa
709 1488 832 1548 libidine
859 1490 909 1550 vel
936 1490 1088 1550 omittitur

69 1580 119 1639 vel
143 1578 199 1638 ubi
227 1579 328 1637 locum
349 1579 469 1637 nullum
491 1577 583 1636 habet
605 1577 741 1652 ponitur:
764 1579 865 1652 itaque
889 1575 1087 1653 περιήρημαι,

70 1669 124 1742 τῆ,
157 1664 305 1741 πολέμω,
337 1686 501 1742 rursusque
534 1661 659 1739 πλείωι,
693 1662 836 1739 ἐπιεικῆι,
868 1663 953 1740 ἤδηι,
984 1661 1086 1741 ἀλλάι,

71 1754 281 1831 δικαετήριαι,
314 1752 405 1834 ἐγώι,
442 1752 560 1830 ἠτήεωι
597 1755 708 1831 scripta
744 1755 918 1829 reperimus.
970 1753 1087 1814 Scimus

69 1865 162 1922 porro
181 1846 214 1903 in
224 1845 387 1922 Aegyptiis
405 1845 533 1920 aliisque
552 1844 755 1919 proximorum
773 1843 835 1902 iam
853 1847 923 1903 ante
934 1841 1087 1902 Christum

70 1935 259 1994 saeculorum
292 1934 493 1993 monumentis
520 1934 584 1992 iota
610 1934 734 2011 longum
762 1936 794 1992 et
817 1949 844 1992 ει
867 1933 1087 2010 diphthongum

70 2042 197 2100 prorsus
217 2022 379 2094 confundi,
406 2042 502 2098 neque
530 2017 681 2097 πολείτη(
709 2024 807 2082 solum
831 2026 862 2081 et
885 2021 1004 2096 νεικᾶν,
1035 2023 1087 2082 sed

73 2113 166 2172 etiam
201 2105 245 2185 ἰμί
278 2111 411 2186 adeoque
446 2107 547 2171 ἐετείν
583 2111 616 2170 in
651 2112 778 2188 privatis
814 2114 893 2171 certe
926 2113 1087 2189 Aegyptiis

69 2201 185 2260 libellis
217 2218 360 2275 persaepe
393 2204 521 2274 exstare,
554 2200 586 2258 id
615 2202 696 2276 quod
727 2204 758 2261 et
788 2201 927 2277 ipsume
955 2220 1087 2276 pronun·

72 2290 171 2349 tioudi
194 2289 312 2348 ratione
335 2290 544 2366 repetendum,
571 2307 647 2363 quae
671 2306 699 2349 ει
722 2291 924 2366 diphthongo,
952 2290 1012 2349 nisi
1034 2290 1086 2349 ubi

74 2378 189 2437 vocalis
212 2377 428 2453 insequebatur
460 2373 548 2458 (nam
571 2371 783 2452 Ἀλεξάνδρηα
807 2382 838 2438 et
860 2373 997 2452 Πληάδα
1020 2381 1087 2438 tum

73 2467 197 2542 quidem
221 2461 385 2544 scribunt),
407 2467 472 2526 iota
494 2467 638 2543 simplicis
661 2467 774 2528 vocalis
798 2486 904 2526 sonum
926 2467 1086 2527 tribuerat.

70 2555 171 2616 Huius
195 2553 315 2632 generis
338 2555 371 2613 in
393 2554 556 2631 Hyperidis
580 2556 657 2615 libro
681 2556 873 2633 reperiuntur
895 2551 1085 2630 προδεδάνι-

70 2661 154 2717 (ται,
185 2639 350 2717 μιρακίων,
379 2640 609 2718 ἑκλελιμμέναι,
640 2639 778 2719 μεικράε,
809 2642 964 2720 βέλτειον,
994 2640 1084 2720 ἀφει-

71 2732 207 2807 γμέναε,
236 2732 357 2810 aliaque
385 2734 521 2810 exempla
544 2733 664 2793 ciro-iter
686 2733 803 2810 viginti.
849 2733 934 2804 Quod
957 2734 988 2793 in
1017 2734 1086 2794 istis

67 2823 184 2882 libellis
205 2821 297 2880 etiam
317 2838 332 2881 ε
352 2824 383 2881 et
397 2839 425 2897 η,
444 2839 463 2882 o
479 2825 508 2880 et
524 2839 558 2896 ω,
583 2841 650 2881 raro
670 2839 701 2883 οι
719 2841 837 2898 quoque
856 2827 887 2882 et
901 2841 919 2882 υ
935 2826 966 2882 et
983 2824 1085 2899 paullo

70 2912 195 2988 saepius
220 2926 252 2968 αι
276 2914 307 2969 et
330 2927 345 2970 ε
370 2911 605 2988 confunduntur,
634 2930 737 2971 earum
765 2931 866 2970 rerum
893 2932 954 2972 non
981 2915 1085 2971 extant

69 3001 132 3060 nisi
154 3017 306 3076 perpauca
333 2994 476 3078 ¹vestigia,
505 3000 531 3058 si
562 3000 683 3077 quidem
711 3001 860 3075 scriptura
883 3016 1011 3061 ακουειν
1035 3018 1085 3061 κε-

72 3088 181 3149 λευειν
205 3107 258 3163 pro
282 3082 410 3149 ἀκούειν
434 3084 485 3148 καὶ
509 3085 652 3149 κελεύειν
675 3089 744 3148 inde
767 3089 886 3150 facilius
910 3088 1085 3165 explicatur,

73 3178 155 3254 quod
178 3177 321 3237 librarius
344 3178 483 3238 vooulam
505 3177 596 3238 istam
619 3175 653 3238 κέ
676 3170 964 3258 pronuntiaverit.*)
992 3180 1087 3239 —Id

74 3285 193 3343 quoque
212 3284 271 3324 non
291 3266 498 3344 omittendum,
524 3269 674 3327 extremae
692 3268 811 3328 litterae
830 3267 1086 3344 praepositionum

146 3472 173 3541 ³¹⁶)
191 3469 224 3524 V.
240 3471 326 3525 etiam
345 3487 417 3539 quae
437 3470 575 3526 adnotata
592 3471 716 3526 suntad
733 3487 775 3529 or.
785 3471 841 3543 lll,
854 3471 1068 3538 asumma.
