2392 3840
480 137 686 193 PRAEFATIO
1027 140 1093 195 XIX

68 294 257 368 usurpatur,
287 290 359 348 adeo
383 292 418 348 ut
441 290 531 348 etiam
555 290 647 348 semel
669 287 836 362 πολιτική(
859 291 891 348 in
913 289 1093 366 πολειτικῆε

67 383 227 440 mutatum
257 379 309 454 sit3
342 378 393 437 sed
426 378 506 437 haud
538 378 637 436 minus
666 396 754 454 saepe
784 373 913 451 πολίτηι
940 383 971 439 et
999 379 1092 455 τιμᾶν

69 488 213 546 quaeque
235 467 348 526 similia
366 471 444 526 sunt.
482 466 559 525 Tum
582 461 658 526 πόλι
681 486 735 542 pro
756 462 850 526 πόλει
874 470 905 527 et
927 463 1015 544 ὕβρι(
1037 489 1092 545 pro

67 555 177 634 ὕβρει(
209 560 241 616 et
265 551 347 633 οἰκίᾳ
369 575 424 631 pro
448 550 560 632 οἰιὲείᾳ,
589 555 698 632 quibus
727 571 790 615 ιναι
818 575 872 632 pro
901 550 982 616 εἶναι
1011 575 1091 617 acce-

69 647 165 722 deret,
189 645 251 704 nisi
274 645 307 703 id
329 645 449 721 quidem
472 644 536 720 ipse
559 644 745 704 correxisset.
787 645 963 705 Mendosum
985 645 1092 704 barba-

70 754 200 811 rumque
226 733 379 806 δυναμειν
397 752 451 809 pro
472 729 605 807 δύναμιν
629 734 771 809 positum.
790 734 922 792 —Tum
945 730 1091 812 ἐπεδ[εύ-

69 828 179 907 θηεαν,
200 842 258 899 pro
286 819 518 894 ἐπαιδεύθηιαν
546 824 577 881 et
605 837 735 896 αιωρων
762 842 818 899 pro
846 819 959 897 ἑώρων
985 825 1091 901 primo,

69 912 152 991 qnod
177 912 286 970 deinde
310 914 479 970 correctum
504 913 559 985 est,
583 913 613 970 et
636 927 709 983 μετε
733 931 789 988 pro
813 909 890 986 μήτε
914 916 945 972 et
963 928 1092 986 οικηταε

66 1023 124 1079 pro
150 997 286 1074 οἰκέται,
310 1019 344 1059 ac
368 1000 487 1075 saepius
511 1004 709 1059 consonantes
732 1013 891 1076 perperam
914 1002 1091 1080 geminatae,

68 1094 106 1151 ut
130 1085 341 1150 ἐλλαττόνων
364 1094 396 1148 et
423 1089 596 1164 frequenter
617 1086 809 1163 γεγέννημαι
832 1110 886 1165 pro
911 1088 1090 1166 γεγένημαι.

68 1179 199 1239 Accedit
208 1178 366 1255 proprium
374 1183 531 1254 peccatum
543 1177 760 1254 Aegyptiorum
768 1175 800 1237 Δ
811 1176 958 1239 mediael
969 1182 1091 1240 tenuem

68 1267 288 1339 substituendi,
307 1268 386 1342 quod
402 1267 493 1324 etiam
512 1267 544 1325 in
556 1266 683 1342 privatis
698 1285 801 1326 eorum
816 1268 927 1328 libellis
941 1269 1089 1329 cernitur:

68 1352 200 1432 πατριτι
218 1357 314 1433 igitur
331 1356 460 1430 legimus
479 1360 510 1414 et
529 1371 608 1414 ατου
627 1374 681 1431 pro
700 1351 789 1433 ᾅδου,
814 1357 923 1433 quibus
943 1357 1090 1418 accedunt

67 1448 177 1507 statim
201 1448 336 1505 correcta
358 1438 467 1518 ἄντρα,
492 1438 645 1516 εὐτοξίαν,
669 1439 812 1519 ἐφότιον.
854 1446 889 1504 Ιιι
911 1447 1090 1508 universum

67 1537 167 1614 igitur
184 1534 333 1593 iudicanti
350 1535 407 1593 hoo
425 1552 520 1610 genus
539 1531 647 1591 menda
664 1533 695 1590 in
717 1533 863 1632 epitaphii
881 1535 959 1594 libro
979 1538 1004 1595 si
1029 1556 1090 1596 non

67 1625 232 1701 crebriora,
252 1623 386 1682 foediora
405 1625 485 1681 certe
504 1623 599 1680 multo
620 1639 710 1696 quam
730 1621 762 1679 in
777 1622 872 1680 altero
887 1625 1088 1699 reperiuntur.

161 1711 254 1789 §12
277 1712 384 1789 Itaque
403 1711 429 1770 si
447 1712 479 1770 in
498 1730 591 1769 unum
609 1710 710 1769 omnia
732 1709 904 1786 collegeris:
928 1713 1116 1819 mendaoflreiuo
1130 1726 1180 1767 scen

67 1802 160 1864 foeda
188 1821 207 1861 a
234 1802 351 1860 nemine
381 1803 528 1872 correcta,
556 1817 678 1858 manum
701 1798 806 1857 rudem
830 1802 921 1876 atque
943 1779 1178 1875 inele·¹ssf1⁸,⁸u·{⁰l1¹'

67 1894 209 1969 gentem,
233 1891 355 1949 chartae
376 1889 565 1949 mediocritei
552 1892 627 1965 t,em
652 1888 779 1966 deniqne
807 1890 887 1965 quod
913 1890 1035 1950 chartae

69 1982 201 2041 adversa
228 2000 299 2056 pars
332 1980 394 2038 iam
424 1979 541 2055 pridem
570 1935 635 2037 eral
663 1977 723 2037 alia
751 1977 901 2054 scriptura
929 1984 1087 2056 occupata:

68 2070 268 2129 manifestum
291 2069 348 2128 tibi
371 2068 430 2128 erit
451 2087 511 2128 non
535 2085 597 2126 esse
621 2068 698 2125 hanc
722 2067 889 2128 orationem
909 2088 944 2128 eo
963 2071 1087 2130 consilio
1153 2126 1157 2141 ,

68 2160 229 2234 scriptam,
257 2161 293 2217 ut
322 2157 454 2233 pretium
481 2155 557 2214 liber
583 2158 719 2215 mereret.
766 2157 822 2216 Est
849 2162 951 2218 autem
975 2160 1088 2220 dudum

69 2252 274 2324 perspectum,
294 2247 353 2306 duc
373 2264 483 2323 genera
502 2263 565 2304 esse
585 2244 757 2304 chartarum
772 2245 992 2323 Aegyptiarum
1010 2269 1087 2326 quae

70 2337 246 2396 litterarum
273 2337 471 2397 monumenta
492 2333 658 2394 continent:
687 2335 815 2393 alterum
839 2336 903 2395 foro
926 2339 1085 2397 mercatui·

70 2445 131 2502 que
155 2425 348 2498 destinatum,
372 2441 446 2498 quos
469 2424 561 2482 libros
584 2422 705 2524 proprie
729 2442 829 2498 voces,
855 2426 983 2484 alterum
1007 2428 1086 2504 quod

67 2516 152 2574 intre
179 2515 334 2590 privatum
362 2532 451 2571 usum
478 2510 603 2588 mansit,
631 2512 716 2570 cuius
743 2512 863 2589 generis
886 2515 1086 2576 clarissimum

70 2604 243 2705 exemplum
266 2602 385 2661 Aristot
387 2602 468 2659 eleus
491 2601 568 2661 liber
591 2603 645 2659 est.
624 2600 783 2660 tAliud
810 2601 943 2662 eiusdem
967 2607 1085 2681 generis

68 2693 222 2768 specimen
242 2696 289 2752 est
307 2709 440 2768 papyrus
461 2690 498 2748 ab
518 2690 554 2750 H
569 2677 680 2748 weilio
704 2689 765 2749 edit
752 2693 811 2767 tus,
836 2692 991 2753 continens
1014 2714 1084 2769 poe·

66 2785 172 2841 tarum
199 2785 283 2843 locos
307 2800 325 2839 a
347 2780 450 2856 pueris
479 2778 750 2838 adulescentulisve
774 2781 978 2855 compluribus
1002 2802 1084 2843 exer·

67 2872 224 2932 citationis
244 2889 335 2930 causa
354 2869 489 2944 scriptos
526 2868 573 2926 Ad
597 2866 686 2925 huius
710 2867 805 2944 igitur
827 2870 987 2930 voluminis
1011 2873 1083 2931 alio-

65 2980 195 3038 rumque
220 2959 365 3020 similium
387 2957 561 3016 societatem
581 2955 695 3015 accedit
712 2975 845 3035 papyrus
864 2958 1084 3037 sichar-nanus,

67 3052 157 3112 cuius
190 3049 319 3109 scribam
349 3047 437 3106 facile
466 3049 573 3120 putare
604 3063 763 3121 possumus
793 3068 921 3123 puerum
953 3048 1084 3124 aliquem

67 3140 227 3219 scribendo
257 3157 288 3197 se
316 3137 503 3196 exercentem
530 3135 631 3196 fuisse.
676 3135 792 3211 Nempe
817 3140 848 3196 et
869 3137 1083 3215 inelegantiam

66 3231 99 3290 in
125 3228 275 3287 Weiliano
304 3226 427 3285 eandem
454 3242 545 3299 quam
574 3224 606 3281 in
633 3225 688 3283 hoc
716 3223 886 3285 invenimus
916 3229 946 3285 et
974 3246 1082 3288 manus

65 3317 194 3396 perinde
221 3315 436 3375 inexercitatae
465 3315 496 3371 et
518 3312 626 3372 menda
652 3331 711 3371 non
739 3315 838 3374 minus
866 3315 966 3391 foeda3
994 3321 1025 3377 at
1051 3319 1082 3377 in

65 3408 157 3468 libris
180 3406 269 3483 veris,
294 3408 329 3464 ut
352 3405 384 3463 in
406 3402 577 3461 Ardenieno
600 3401 750 3461 volumine
774 3404 958 3483 reliquisque
981 3406 1081 3480 Hype-

64 3496 161 3558 rideis
186 3494 311 3572 duobus,
336 3493 435 3553 omnia
454 3493 559 3552 contra
582 3491 764 3554 saliatem.

856 3592 904 3647 qa
