2392 3840
72 122 122 177 LII
215 119 354 176 ARGVM.
374 119 592 175 ORATIONVM
609 120 795 176 BREVITER
811 120 939 178 Dasea.

73 271 289 335 Demosthenes
317 272 403 332 testis
431 290 497 332 esse
526 271 676 345 videatur,
709 290 762 331 suo
790 272 855 331 iure
882 271 921 333 H.
945 272 1085 351 Hagerus

73 365 143 421 ante
166 381 278 420 annum
301 363 364 422 338
389 361 555 421 orationem
573 361 710 420 habitam
733 378 798 420 esse
821 360 981 422 concludit

162 449 211 511 Or.
236 451 289 510 ΙΠ.
295 442 331 533 *)
381 451 454 511 Ροιι
440 453 623 529 tpugnam
658 449 896 510 Chaeronensem
928 447 1029 527 Oropo
1067 471 1086 511 a

71 539 281 616 Philippot
239 539 475 600 Atheniensibus
506 540 639 615 reddita,
672 539 739 616 agri
767 537 872 616 Oropii
905 539 985 617 quod
1017 560 1085 616 pro-

72 629 175 688 fanum
199 632 264 688 erat
286 629 366 688 inter
388 629 488 689 deoem
512 629 611 688 tribus
632 585 678 688 ’ita
702 628 832 689 divisum
854 631 915 704 est,
938 631 974 687 ut
996 628 1085 688 binae

72 717 207 794 singulas
230 720 332 793 partes
356 720 437 777 sorte
460 718 611 777 ducerent.
656 717 820 794 Aliquanto
838 720 908 792 post
926 717 963 776 de
982 721 1085 777 monte

74 806 188 884 aliquo,
235 807 287 883 qui
332 806 585 883 Hippothoontidi
625 805 878 882 Acamantidique
923 805 1086 883 obtigerat,

71 896 178 973 religio
201 895 332 971 inoessit,
355 914 393 953 ne
415 894 442 954 is
461 913 579 972 quoqne
598 894 781 971 Amphiarao
801 895 872 954 olim
891 898 1085 955 consecratus

73 986 160 1044 esset.
206 983 314 1060 Itaque
338 983 532 1060 Euxenippus
562 984 645 1044 dives
673 983 745 1044 oivis
774 1002 842 1042 oum
870 984 988 1043 duobus
1016 984 1085 1044 aliis

72 1072 177 1147 populi
199 1072 285 1131 iussu
308 1091 343 1131 ex
365 1072 549 1148 Amphiarao
577 1092 631 1149 per
659 1072 882 1132 incubationem
910 1073 947 1132 de
969 1075 1028 1132 hae
1051 1093 1085 1133 re

71 1159 241 1220 soiseitatns
269 1161 418 1220 somnium
446 1161 620 1238 ambiguum
647 1164 684 1221 ut
710 1162 831 1222 videtur
859 1162 1000 1239 qnodque
1028 1182 1084 1238 pro

61 1267 104 1308 se
133 1250 210 1308 duas
238 1249 336 1309 tribus
363 1249 558 1326 interpretari
584 1253 708 1326 possent
734 1241 923 1332 rettulit.**)
971 1251 1086 1310 Tamen

71 1337 254 1414 Polyeuotns
287 1337 457 1415 Cydantida
491 1339 680 1417 rogationem
711 1339 796 1415 tulit,
828 1341 864 1398 ut
895 1357 948 1399 eae
985 1340 1084 1400 tribus

71 1429 205 1486 montem
237 1428 291 1487 deo
324 1427 533 1505 restituerent,
568 1428 700 1487 relicuas
737 1431 804 1487 octo
841 1427 903 1487 illis
940 1429 1085 1487 damnum

70 1518 239 1592 pensarent.
287 1515 369 1586 Quae
399 1517 518 1592 rogatio
546 1517 585 1576 ad
611 1516 724 1575 iudices
752 1516 853 1576 delata
880 1534 985 1576 eorum
1018 1536 1084 1577 sen-

70 1605 174 1664 tentiis
197 1606 368 1683 antiquata,
400 1606 575 1682 auctorique
600 1605 765 1680 Polyeucto
790 1605 887 1664 multa
908 1605 994 1664 XXV
1016 1606 1084 1665 dra·

71 1695 190 1754 ohmum
213 1695 294 1754 diota
316 1697 371 1754 est.
408 1693 608 1764 Quamobrem
631 1694 728 1753 iratus
750 1694 802 1752 ille
826 1695 1010 1773 Euxenippo,
1034 1695 1084 1756 oni

71 1783 192 1860 eulpam
214 1783 375 1860 tribuebat,
399 1779 579 1862 εἰεαγγελίᾳ
603 1802 671 1842 eum
693 1783 726 1842 in
748 1782 894 1842 iudicium
916 1784 1083 1863 arcessivit,

69 1872 150 1948 qnod
173 1891 192 1931 a
214 1872 324 1933 civium
347 1872 539 1950 quibusdam,
568 1871 684 1931 duabus
712 1891 819 1947 nempe
846 1872 1002 1950 tribubus,
1033 1892 1082 1949 pe-

70 1961 159 2019 ounia
180 1964 340 2035 corruptus
364 1961 474 2019 falsum
497 1961 645 2020 somnium
668 1960 706 2018 ad
728 1961 875 2037 populum
903 1962 1081 2022 rettulisset.

71 2049 252 2108 Aoousatori
287 2049 457 2126 Lycurgus,
498 2068 550 2108 reo
582 2049 750 2127 Hyperides
783 2050 947 2110 advooatus
985 2051 1082 2128 affuit,

70 2137 236 2214 habuitque
259 2138 335 2197 hane
358 2138 524 2198 orationem
542 2141 703 2215 postquam
721 2141 877 2198 aeousatus
900 2139 966 2214 ipse
990 2140 1081 2200 alius-

71 2245 129 2303 que
157 2226 279 2302 quidam
306 2226 468 2287 advocatus
490 2229 583 2288 verba
609 2228 754 2286 fecerunt.
800 2227 931 2303 Tempus
956 2227 1081 2305 Compa-

70 2314 179 2373 rettius
202 2316 246 2373 ita
269 2314 412 2389 definivit,
434 2319 469 2376 ut
492 2317 646 2394 aliquanto
665 2319 733 2392 post
751 2316 915 2376 Alexandri
938 2317 1081 2393 Epirotae

69 2406 198 2463 mortem
220 2396 313 2484 (quae
336 2405 445 2464 aooidit
468 2405 587 2465 oiroiter
605 2425 630 2464 a.
651 2397 730 2486 330)
755 2423 875 2464 oausam
900 2411 1000 2465 aetam
1018 2426 1081 2467 esse

69 2495 228 2571 statueret,
251 2513 319 2553 cum
342 2492 498 2570 Olympias
526 2498 672 2572 tanquam
696 2495 856 2554 Molossiae
879 2493 1081 2573 Dodonaeque

69 2580 227 2657 imperinm
250 2585 356 2642 tenens
379 2583 411 2642 in
434 2583 568 2642 oratione
592 2587 847 2695 commemoretur.

156 2767 182 2837 ³¹²)
204 2767 247 2822 De
265 2768 348 2823 huius
362 2769 497 2824 orationis
517 2772 682 2838 argumento
700 2785 783 2824 nemo
798 2768 964 2839 diligentius
984 2771 1082 2852 copio-

69 2837 161 2894 siusve
176 2837 309 2895 disseruit
321 2857 405 2910 quam
420 2840 619 2911 Comparetti'
611 2859 641 2894 m
660 2840 856 2896 dissertatione
875 2839 996 2896 editioni
1015 2860 1082 2899 suae

66 2911 227 2980 praemissa

138 2982 181 3053 **)
209 2981 437 3039 Schneidewinus
462 2985 491 3037 et
513 2983 546 3037 A
571 2981 736 3037 Sohaeferus
760 2984 859 3038 eontra
883 2982 952 3037 duas
980 2983 1081 3053 tribus,

68 3053 274 3123 Comparettius
294 3055 487 3124 Sauppiusque
510 3069 561 3123 pro
581 3054 621 3108 eis
643 3070 808 3122 responsum
827 3070 888 3108 esse
912 3056 1082 3111 statuerunt.

67 3123 168 3194 Itaque
195 3128 324 3195 ψήφιεμα
349 3126 421 3193 πρὸ(
447 3126 481 3180 τὸ
504 3126 634 3179 ἐνύπνιον
659 3127 778 3193 γράφειν
805 3124 870 3195 (ool.
886 3129 931 3195 28)
954 3125 1013 3182 illis
1037 3128 1082 3181 est

67 3196 239 3263 „seeundum
253 3197 417 3264 somnium‘,
401 3196 475 3249 ‘his
490 3197 606 3265 „eontra
620 3196 784 3252 somnium“.
804 3196 963 3250 Videndum
978 3199 1082 3265 autem,

66 3283 134 3319 num
152 3267 341 3322 necessarium
364 3268 402 3321 sit
410 3237 525 3321 alterbt
513 3270 588 3320 trum
611 3267 715 3322 diserte
738 3283 902 3391 responsum
926 3268 1028 3337 fuisse,
1052 3271 1082 3322 et

66 3336 161 3405 plus
152 3355 183 3390 m
205 3336 414 3407 praepositione
436 3336 537 3406 πρό(
528 3354 620 3392 messe
644 3355 728 3406 quam
752 3339 909 3407 simplicem
934 3310 1081 3394 relatibnis

66 3406 302 3476 significationem
325 3411 353 3479 (,,
358 3409 395 3462 ad
420 3407 590 3480 somnium‘ss
614 3409 688 3480 „auf
709 3409 764 3464 den
782 3409 884 3464 Traum
906 3409 979 3464 hin“
981 3410 1034 3481 ,ιι.
1055 3427 1078 3466 e.

65 3494 123 3532 non
142 3483 289 3548 expectato
260 3479 364 3537 talio
384 3480 517 3551 oraculo).
