2392 3840
427 115 515 172 VITA
534 117 728 173 HYPERIDIS
1021 120 1083 176 XLI

71 264 126 342 μὲν
144 263 197 326 καὶ
216 262 402 342 Λυκοῦργος
421 262 637 343 έτεθνήκεςαν,
662 266 870 344 Δημοςθένης
889 267 925 328 δὲ
944 265 988 329 ὡς
1007 266 1082 346 παρ’

70 351 230 430 Ἁρπάλου
255 354 480 432 δωροδοκήςας
504 352 654 432 ἐκρίνετο,
679 355 907 432 προχειριςθεὶς
926 356 959 419 ἐξ
979 354 1080 419 ἁπάν-

68 462 131 504 των
165 439 288 523 (μόνος
320 441 381 520 γὰρ
414 440 538 519 ἔμεινεν
570 440 834 523 ἀδωροδόκητος)
868 443 1082 522 κατηγόρηςεν

69 530 177 594 αὐτοῦ.
211 567 250 577 -
286 531 401 608 κριθεὶς
432 531 467 592 δὲ
497 529 561 594 ὑπὸ
591 536 649 596 τοῦ
682 530 950 610 Ἁριςτογείτονος
981 551 1118 611 παρα-9

69 619 177 698 νόμων
201 620 256 684 ἐπὶ
279 624 326 702 τῷ
349 618 470 697 γράψαι
494 619 573 697 μετὰ
598 620 796 700 Χαιρώνειαν
819 623 895 685 τοὺς
918 621 1083 699 μετοίκου(

69 709 204 772 πολίτας
227 709 427 787 ποιήςαςθαι,
455 709 531 772 τοὺς
559 710 594 772 δὲ
624 710 761 774 δούλους
785 711 987 788 ἐλευθέρους,
1011 709 1081 788 ἱερὰ

68 799 102 861 δὲ
125 799 179 861 καὶ
203 801 323 861 παῖδας
346 798 398 860 καὶ
420 802 573 873 γυναῖκας
596 797 641 862 εἰς
664 799 722 862 τὸν
741 800 877 878 Πειραιᾶ
900 797 1082 878 ἀποθέςθαι,

68 885 246 965 ἀπέφυγεν.
295 885 492 965 αἰτιωμένων
520 888 556 951 δέ
584 907 682 951 τινων
710 887 810 952 αὐτόν
837 887 882 951 ὡς
905 888 1082 967 παριδόντα
1102 905 1136 953 10

68 977 212 1040 πολλοὺς
236 975 356 1054 νόμους
379 975 415 1038 έν
438 980 484 1058 τῷ
508 975 692 1055 ψηφίςματι,
715 974 906 1056 Ἐπεςκότει,
930 976 1006 1057 ἔφη,
1030 999 1082 1056 μοι

67 1065 104 1127 τὰ
124 1065 328 1129 Μακεδόνων
352 1062 447 1147 όπλα,
468 1065 520 1128 καὶ
540 1064 606 1129 Οὐκ
628 1065 693 1141 ἐγὼ
717 1066 755 1129 τὸ
779 1069 925 1146 ψήφιςμα
945 1066 1082 1145 ἔγραψα,

67 1154 84 1231 ἡ
112 1152 143 1217 δ’
171 1154 209 1218 ἐν
235 1152 413 1236 Χαιρωνείᾳ
444 1152 535 1232 μάχη.
588 1146 666 1231 μετά
697 1156 805 1233 μέντοι
834 1160 931 1219 τοῦτο
960 1160 1082 1234 νεκρῶν

68 1241 190 1307 ἔδωκεν
222 1241 382 1321 ἀναίρεςιν
414 1240 432 1304 ό
463 1243 622 1306 Φίλιππος
653 1243 819 1324 φοβηθείς,
850 1244 1010 1323 πρότερον
1043 1245 1082 1310 οὐ

68 1333 145 1396 δοὺς
172 1335 243 1396 τοῖς
272 1332 419 1396 έλθοῦςιν
447 1331 483 1394 ἐκ
510 1331 683 1411 Λεβαδείας
711 1335 846 1412 κήρυξιν.
879 1370 917 1379 -
947 1334 1080 1413 όςτερον
1103 1350 1135 1398 11

67 1423 101 1484 δὲ
131 1420 213 1499 μετὰ
244 1420 285 1483 τὰ
317 1421 389 1499 περὶ
418 1421 592 1498 Κραννῶνα
626 1420 786 1501 ςυμβάντα
819 1423 991 1501 ἐξαιτηθεὶς
1023 1423 1082 1486 ὑπ)

68 1508 279 1587 Ἀντιπάτρου
313 1510 364 1572 καὶ
397 1510 524 1586 μέλλων
562 1509 738 1574 ἐκδίδοςθαι
775 1510 838 1574 ὑπὸ
875 1516 933 1575 τοθ
971 1513 1081 1592 δήμου,

67 1597 191 1677 ἔφυγεν
219 1598 255 1661 έκ
282 1603 338 1677 τῆς
366 1597 493 1662 πόλεως
521 1598 566 1662 εἰς
593 1597 725 1674 Αίγιναν
754 1597 818 1678 ἅμα
846 1604 914 1662 τοῖς
942 1621 1080 1680 κατεψη·

66 1844 163 1898 fidiam
187 1841 339 1913 Hyperidis
362 1844 462 1898 acerbe
486 1843 614 1912 exegiteu
636 1841 750 1897 Lucien.
771 1844 838 1898 Eue.
856 1842 936 1898 Dem.
956 1850 1003 1898 31:
1031 1845 1082 1898 τόν

67 1919 181 1970 άπιςτον
203 1918 278 1981 Ὑπ.,
301 1916 352 1969 τὸν
372 1917 473 1982 ἄφιλον
493 1915 683 1982 δημοκόλακα,
707 1916 758 1968 τόν
777 1917 859 1970 οὐδέν
879 1914 989 1984 αίςχρόν
1007 1916 1082 1981 νομί-

66 2005 151 2043 ςαντα
169 1986 300 2055 κολακείᾳ
318 1991 369 2040 ποθ
387 1987 511 2053 πλήθους
525 1991 729 2055 ςυκοφαντῆςαι
743 1987 934 2056 Δημοςθένην.
946 2017 979 2027 -
990 1985 1082 2042 Vit.X

67 2075 103 2113 or.
123 2057 204 2113 Dem.
226 2056 323 2113 8460:
351 2057 482 2123 είςαχθείς
505 2058 535 2111 δὲ
555 2059 651 2126 (Δημ.)
674 2057 713 2113 εἰς
735 2060 908 2126 δικαςτήριον
930 2060 984 2113 ὑπὸ
1005 2060 1082 2114 Ὑπε-

67 2131 161 2198 ρείδου
180 2131 294 2184 Πυθέου
310 2129 499 2195 Μενεςαίχμου
516 2129 646 2195 Ἱμεραίου
660 2130 827 2197 Προκλέους.
858 2129 934 2186 Suid.
950 2146 970 2186 s.
986 2149 1012 2184 τ.
1028 2133 1081 2185 Ὑ.ι

66 2203 96 2256 ὃς
118 2204 166 2254 καί
189 2201 272 2268 φίλος
294 2202 334 2253 ὢν
354 2201 550 2266 Δημοςθένους
567 2201 711 2266 ἐγράψατο
731 2202 817 2255 αὐτόν
840 2203 884 2255 ἐπὶ
906 2208 966 2255 τοῖς
985 2202 1083 2269 Ἁρπα-

67 2273 149 2328 λείοις
167 2273 310 2340 χρὴμαςιν.
324 2301 359 2310 -
373 2271 490 2324 Munera
504 2271 539 2324 ab
554 2271 678 2339 Harpalo
693 2270 864 2340 Hyperidem
879 2288 990 2340 quoque
1005 2289 1082 2326 ecce-

66 2343 141 2413 pieee
157 2342 299 2396 Timoclee
314 2341 437 2396 comicus
453 2341 752 2411 ep.Ath.V111342A
771 2342 948 2409 criminatum
968 2360 993 2396 v.
1009 2343 1083 2397 infre

67 2415 103 2469 ad
119 2420 135 2481 ξ
151 2418 275 2479 1'1.-§
290 2419 314 2468 θ.
333 2413 398 2480 Ιιγα.
414 2430 436 2467 ο.
452 2412 548 2467 Leocr.
564 2419 597 2466 36
609 2429 663 2480 eq.:
682 2414 727 2467 καί
746 2432 791 2479 μοι
810 2417 875 2481 λαβέ
893 2417 927 2469 τὸ
945 2417 1082 2484 ψήφιςμα,

65 2491 239 2554 γραμματεῦ,
257 2487 292 2539 τό
312 2485 481 2551 Ὑπερείδου,
501 2487 546 2538 καὶ
565 2486 759 2550 άναγίγνωςκε.
774 2516 808 2525 -
826 2487 941 2541 ἀκούετε
959 2493 1010 2540 τοθ
1030 2505 1083 2555 ψη-

66 2559 203 2626 φίςματος
221 2558 245 2610 ὡ
265 2558 371 2624 ἄνδρες,
390 2557 433 2610 ότι
451 2559 504 2622 τὴν
523 2559 626 2622 βουλὴν
643 2559 711 2610 τοὺς
729 2552 758 2625 φ’
774 2558 948 2624 καταβαίνειν
968 2557 1006 2612 είς
1019 2561 1083 2613 Πει-

66 2634 130 2696 ραιᾶ
154 2633 361 2697 χρηματιοθςαν
383 2629 445 2695 περὶ
469 2631 595 2694 φυλακῆς
616 2633 668 2680 τοῦ
687 2628 839 2695 Πειραιέως
863 2631 970 2683 ἐντοῖς
989 2631 1083 2684 ὅπλοις

66 2702 144 2756 ἔδοξε
163 2702 220 2754 κτὲ.
239 2730 274 2739 -
293 2703 371 2764 §412
394 2698 471 2765 ἡνίχ’
487 2700 556 2766 όρᾶν
574 2701 610 2765 ην
628 2700 679 2752 τὸν
698 2701 787 2765 δῆμον
805 2701 998 2767 ψηφιςάμενον
1016 2704 1083 2755 τοὺς

67 2773 115 2837 μὲν
135 2772 256 2826 δούλους
274 2771 444 2838 ἐλευθέρους,
461 2772 528 2823 τοὺς
547 2771 577 2823 δέ
596 2770 691 2824 ξένους
706 2770 876 2838 Ἀθηναίους,
896 2775 963 2825 τοὺς
982 2774 1011 2826 δ’
1025 2773 1082 2826 ἀτί-

67 2859 135 2908 μους
149 2840 299 2908 ἐπιτίμους.
319 2842 444 2896 ueterum
460 2838 493 2894 cf.
504 2838 557 2908 frg.
569 2857 607 2894 or.
619 2858 641 2895 ο.
652 2839 789 2909 Aristeg.;
806 2841 909 2912 [Βότω]
924 2859 947 2896 α.
959 2843 1081 2910 Aristog.

67 2912 165 2981 11,11;
186 2913 297 2981 Sauppe
317 2911 348 2969 0.
365 2911 396 2968 Δ.
411 2911 445 2980 ΙΙ,
460 2918 525 2978 θθος
546 2910 677 2965 Scheefer
694 2910 773 2966 Dem.
789 2910 849 2979 111²,
866 2919 890 2966 9.
906 2944 939 2952 -
954 2919 969 2977 ξ
986 2918 1018 2966 10
1038 2917 1083 2967 καί

67 2987 133 3038 ente
152 2985 212 3038 Οόκ
235 2999 268 3036 ex
286 2981 389 3037 Phouo
415 2984 486 3050 (eod.
500 2985 564 3051 266)
584 2981 694 3049 addidi;
718 2985 779 3037 οὐδ’
792 2982 941 3038 Ποεδοιυι.
961 2982 1081 3052 Sauppe.

68 3086 100 3094 -
120 3059 195 3120 511.
220 3053 298 3108 Suid.
317 3055 498 3122 Ἀντίπατρος
517 3060 545 3107 3:
570 3056 614 3108 ότι
636 3060 695 3108 τῶν
714 3055 869 3122 Ἀθηναίων
892 3056 942 3108 τὰς
965 3055 1083 3121 Ἀθήνας

68 3127 243 3195 Ἀντιπάτρῳ
258 3156 294 3166 -
306 3129 492 3195 παραδόντων
507 3127 537 3178 ἐν
552 3126 606 3178 δέει
621 3127 700 3180 ὄντες
718 3125 745 3180 οί
765 3128 926 3194 δημαγωγοὶ
945 3125 993 3193 (οἱ)
1013 3127 1083 3193 πρὸς

68 3197 1083 3336 {1011113511501‘„11101‘1351180‘12511111:111&ss

70 3338 259 3407 κατεδίκαςαν,
283 3341 323 3393 ὡν
342 3288 580 3407 ἠνφΔημοςθένης
598 3369 632 3378 -
650 3342 695 3392 καί
716 3340 775 3394 Ὑπ.
795 3321 840 3393 καλ
865 3341 1004 3420 Ἱμεραῖος,
1028 3344 1082 3408 τὴν

69 3414 121 3462 τοῦ
147 3410 268 3464 θανάτου
296 3411 431 3479 είςήγηςιν
459 3411 661 3475 εἰςενεγκόντος
686 3410 846 3481 (Δημάδου)
875 3413 926 3480 (ue
951 3411 1088 3464 Seueesseu

70 3478 136 3548 111²,
152 3484 215 3550 691,
230 3482 263 3551 1).
299 3481 371 3537 Ρλιιι.
385 3482 465 3539 Dem.
480 3487 528 3538 28:
549 3513 583 3522 -
604 3513 638 3524 -
659 3481 688 3538 ολ
705 3483 756 3552 μέν
774 3486 844 3552 περλ
858 3484 912 3538 τόν
936 3483 1016 3545 δοκι.
1032 3479 1110 3540 ³⁸1&-
