2392 3840
103 113 146 177 96
472 112 743 167 ΑΠΟΕΠΑΕΜΑΤΙΑ

105 259 257 337 μοεθένηε
281 258 385 341 ἐντῷ
409 258 483 336 περὶ
504 262 563 322 τοῦ
586 256 757 335 ὀνόματος,
788 256 982 337 Ὑπερείοητ
1008 259 1048 324 ἐν
1076 265 1127 345 τῷ

106 346 178 411 κατ’
201 345 324 411 Ἀντίου
348 345 522 430 ὀρφανικῷ.
550 383 587 392 -
613 345 715 430 Harp.

65 459 91 496 11
195 436 223 500 7.
243 432 444 518 Ὑποστήσας
471 434 542 499 ἀντὶ
568 439 626 500 τοῦ
650 434 894 513 ὑποβαλόμενοι
916 434 993 501 Ὑπ.
1015 437 1054 502 ἐν
1078 443 1127 523 τῷ

104 522 176 589 κατ’
199 523 333 590 Ἀντίου.
359 563 397 572 -
422 523 525 608 Harp.

152 683 210 749 IV.
240 685 349 750 ΠΡΟ(
373 684 596 749 ΑΠΕΛΛΑΙΟΝ
621 683 710 748 ΠΕΡΙ
734 684 818 747 ΤΟΥ
843 684 1078 750 ΘΗΕΑΥΡΟΥ.

66 831 91 869 12
195 809 224 874 8.
252 806 461 885 Κολωνέτας·
506 809 582 873 Ὑπ.
611 810 648 873 ἐν
675 813 721 890 τῷ
752 809 832 887 πρὸ(
861 805 930 872 Ἀπ.
959 830 991 872 π.
1015 831 1044 875 τ.
1068 818 1128 889 θη·

105 903 233 976 ταυροῦ.
262 901 338 962 τοὺ(
376 899 549 976 μιεθωτοὺτ
578 898 764 962 Κολωνὲταε
802 896 981 975 ὠνόμαζον.
1004 935 1052 944 -
1084 936 1125 946 -

107 987 222 1070 Harp.3
246 986 286 1050 ef.
310 985 428 1051 Pollux
450 985 515 1050 VII
538 985 651 1066 ἓ132.

66 1098 92 1137 n
196 1076 225 1138 9.
250 1077 399 1158 Κτησίου
426 1076 522 1151 Διός·
546 1075 599 1140 Ὑ.
622 1075 658 1138 ἐν
684 1078 731 1156 τῷ
759 1074 840 1151 πρὸ(
864 1072 931 1139 Ἀττ.
955 1111 992 1121 -
1021 1075 1128 1160 Herp.

68 1187 94 1225 14
198 1164 249 1228 10.
269 1159 424 1241 Ἐξέὸωκε
447 1164 509 1246 τὴν
531 1163 701 1248 προγονὸυ
723 1161 785 1244 τὴν
807 1160 921 1227 αὑτοῦ.
943 1162 1127 1231 -Pollux

108 1251 167 1336 III,
191 1253 232 1316 27
259 1254 377 1337 (ἐντῷ
401 1254 481 1331 πρὸ(
504 1251 572 1318 Ἀττ.
597 1275 628 1316 π.
651 1273 679 1316 τ.
702 1251 791 1332 θητ.).

68 1362 93 1403 15
198 1341 248 1406 11.
272 1339 430 1406 Πυθαέα·
475 1342 588 1419 Ὑπερ.
612 1343 649 1405 ἐν
676 1344 722 1423 τῷ
746 1339 827 1418 πρὸ(
850 1337 1056 1408 Ἀπελλαῖον.
1086 1379 1125 1390 -

66 1542 92 1581 ιο
107 1429 247 1674 fiai}
272 1520 392 1596 Πώλας
415 1519 485 1584 ἀντὶ
507 1523 566 1586 τοῦ
589 1518 718 1597 πράτειε
736 1517 812 1582 Ὑπ.
834 1518 871 1583 ἐν
890 1523 937 1603 τῷ
956 1521 1041 1599 πρὸ(
1057 1519 1129 1587 Ἀπ.

105 1645 149 1655 -
210 1631 276 1694 erp.

74 1775 95 1814 v
197 1750 238 1816 V.
267 1751 324 1815 VI.
356 1749 444 1816 ΚΑΤ’
467 1750 728 1817 ΑΡΙΕΤΑΓΟΡΑ(
752 1749 1034 1816 ΑΠΡΟΕΤΑΕΙΟΥ

550 1855 629 1918 λόγοι
649 1852 681 1920 β’,

68 1988 93 2026 17
199 1965 249 2027 13.
265 1961 364 2028 Ὥστε
392 1965 477 2040 Λαῒς
504 1959 565 2047 μὲν
592 1962 612 2044 ἡ
638 1964 784 2027 δοκοῦσα
816 1973 884 2026 τῶν
911 1963 1046 2028 πώποτε
1076 1965 1128 2029 δι-

108 2049 300 2136 ενηνοχέναι
328 2054 389 2134 τὴν
420 2053 498 2129 ὄψιν
525 2049 581 2116 καὶ
599 2049 742 2134 Ὤκιμον
769 2049 824 2116 καὶ
851 2051 1057 2136 Μετάνειρα.
1084 2089 1125 2100 -

109 2143 184 2207 Ath.
208 2139 288 2204 XIII
310 2163 338 2222 p.
358 2140 421 2206 587
443 2139 478 2205 O.
502 2143 551 2223 (ἐν
574 2146 620 2226 τῷ
643 2139 714 2204 κατ’
738 2140 800 2219 Ἀρ.
822 2137 872 2222 β’),
896 2141 936 2205 cf.
956 2141 1020 2207 588
1043 2140 1079 2206 Ο.

69 2253 94 2292 is
199 2231 249 2295 14.
277 2229 350 2294 Ὅτι
383 2231 485 2309 χιλίας
522 2232 708 2309 ἐζημιοῦντο
746 2230 777 2293 αἱ
813 2231 893 2293 κατὰ
930 2231 988 2294 τὰ(
1026 2231 1128 2297 ὁδοὺ(

107 2318 296 2470 ἒκοτμοῦεαι
319 2325 467 2396 γυναῖκεε
490 2319 535 2383 Ὑ.
560 2321 596 2385 ἐν
619 2324 665 2402 τῷ
688 2317 759 2382 κατ’
782 2317 845 2396 Ἀρ.
871 2315 897 2399 β’
923 2318 1061 2398 εἴρηκεν.
1083 2357 1126 2367 -

145 2431 211 2492 arp.

107 2551 169 2611 §17
189 2546 215 2601 S.
234 2546 368 2601 restituit.
384 2578 417 2588 -
432 2554 447 2603 8
469 2546 643 2601 Κολωναίταε
661 2545 740 2601 oodd.
754 2546 841 2614 Hesp.
859 2547 973 2614 praeter
991 2545 1123 2616 epitom„

107 2634 178 2685 quse
205 2619 364 2673 Κολωνέτατ
386 2618 424 2688 (S.
443 2618 516 2686 Du).
562 2616 717 2671 Κολωνίταε
742 2634 805 2670 eum
830 2616 900 2673 Poll.
919 2616 1125 2674 Westermenn

107 2687 174 2744 hist.
193 2688 285 2757 eloqu.
304 2707 344 2758 gr.
359 2708 386 2759 p.
402 2696 463 2744 307.
479 2720 511 2743 -ι
527 2689 678 2743 ἀπαλλαίον
697 2687 725 2743 C.
746 2688 899 2742 ἁπαλλαῖον
918 2687 950 2744 Β.
966 2694 1031 2744 -θ
1054 2691 1131 2745 ἀπα-

107 2763 184 2814 λαῖον
203 2759 257 2815 Be.
277 2792 310 2799 -
330 2765 362 2813 11
382 2760 508 2817 Πυθαεία
526 2759 551 2810 A
570 2758 643 2826 Alu,
661 2759 782 2813 πυθακία
801 2760 830 2828 Β,
850 2759 944 2814 Πυθία
963 2761 1050 2828 ἑορτὴ
1071 2768 1124 2816 not)

106 2832 215 2886 Πυθίου
231 2832 404 2886 Ἀπόλλωνοε
418 2832 548 2900 epItome.
576 2832 702 2885 Πυθαιέα
716 2829 874 2898 Westerm.‚
893 2831 1013 2886 Πυθαέα
1027 2831 1126 2887 Kiess-

107 2900 167 2971 ling
187 2903 306 2972 Sauppe.
335 2902 431 2970 Pergit
446 2901 544 2970 Horu:
564 2903 671 2968 ἄπορον
689 2906 749 2955 πῶς
767 2902 822 2956 ἀπὸ
838 2902 892 2969 (ἐπί
907 2902 941 2955 ci.
958 2900 997 2972 S.)
1016 2906 1125 2959 τούτου

107 2975 297 3041 ἐεχημὰτιτται
314 2975 390 3041 παρὰ
407 2979 448 3042 τῷ
468 2973 597 3041 Διοτίμῳ·
621 2975 665 3026 καί
687 2974 793 3039 γὰρού
818 2974 856 3027 δι’
876 2973 917 3026 ὧν
940 2975 1083 3042 παρέθετο
1108 2978 1124 3030 ὁ

106 3046 294 3111 γραμματικὸτ
316 3046 441 3111 ὠνόμαεε
461 3043 584 3111 (Hyper.)
605 3044 640 3096 τὰ
658 3044 751 3097 Πύθια
770 3045 881 3111 ἑορτήν,
905 3044 974 3098 ἀλλὰ
993 3047 1045 3099 τὸν
1065 3048 1128 3101 Πύ·

108 3119 167 3169 θιον
188 3116 356 3169 Ἀπόλλωνα.
394 3115 435 3168 ef.
455 3113 489 3167 de
508 3111 640 3182 Apolline
658 3114 765 3168 llueuei
784 3114 903 3168 Peusen.
922 3120 949 3183 2,
969 3121 1015 3180 35,
1035 3122 1063 3173 2.
1084 3123 1131 3186 36,

109 3189 133 3238 θ.
153 3193 178 3255 3,
198 3191 241 3253 10,
261 3191 285 3239 8.
305 3191 348 3252 11,
367 3193 383 3240 9
402 3185 529 3253 aliosque
548 3185 676 3238 auctores
696 3201 766 3251 quos
785 3185 928 3254 congessit
947 3185 974 3241 S.
1009 3186 1129 3243 Festum

108 3255 261 3325 Apollinis,
285 3273 405 3323 quocum
424 3270 578 3324 cognomen
597 3253 643 3308 dei
663 3253 798 3323 Didymus
818 3255 976 3325 confundit,
996 3259 1130 3316 Πυθαεία

109 3327 274 3391 (recentiore
289 3326 491 3397 orthographia
504 3326 635 3392 Πυθαῆα)
650 3324 756 3379 dietum
770 3326 832 3395 fuit,
849 3345 874 3382 ν.
890 3325 917 3382 S.
933 3359 968 3367 -
984 3333 1019 3383 12
1040 3332 1130 3387 ἀπαλ-

108 3398 186 3450 λαῑον
204 3397 259 3450 Bo,
283 3428 315 3436 -
342 3403 373 3452 13
403 3398 559 3463 Μετάνειρα
588 3396 830 3464 ὃαίιννοίςίίθαεονς
859 3399 961 3453 Μ-αν
988 3399 1071 3458 libri.
1099 3435 1131 3444 -

110 3470 144 3520 14
163 3468 345 3534 ἀριεταγόρου
365 3468 428 3523 Alo.
