2392 3840
138 106 253 161 XLVIII
437 105 486 160 DE
505 106 588 162 HYP.
607 105 844 172 ELOQVENTIA
936 183 938 186 Α

142 256 209 317 λων
233 251 421 330 ἀγωνιετῶν
445 253 619 331 λείπεεθαι,
648 254 826 331 πρωτεύειν
850 255 885 317 δὲ
914 257 981 318 τῶν
1010 254 1156 320 ἰδιωτῶν.

140 342 159 406 δ
174 343 232 420 μέν
246 363 284 418 γε
298 342 487 421 Ὑπερείδης
501 343 582 420 πρὸε
600 345 647 425 τῷ
661 341 768 405 πάντα
782 341 844 408 ἔξω
858 363 895 419 γε
910 348 966 422 τῆ(
981 345 1158 409 ευνθέεεωε

140 435 294 510 μιμεῖεθαι
317 432 358 495 τὰ
382 432 603 511 Δημοτθένεια
626 431 865 511 κατορθώματα,
890 433 941 497 καὶ
963 433 1021 496 τὰε
1044 434 1156 498 Λυεια-

142 521 199 585 κὰτ
229 521 265 585 ἐκ
295 525 445 599 περιττοῦ
479 521 688 599 περιείληφεν
720 519 836 598 ἀρετά(
865 541 900 585 τε
932 522 983 585 καὶ
1017 520 1156 600 χάριταε.

139 610 274 688 καὶγὰρ
299 613 391 674 λαλεῖ
414 610 492 688 μετὰ
515 608 681 688 ἀφελείαε,
713 608 791 674 ἔνθα
815 611 887 689 χρή,
911 611 963 672 καὶ
986 610 1025 674 οὐ
1051 610 1158 676 πάντα

139 698 211 778 ἑξῆε
242 697 294 762 καί
326 697 512 777 μονοτόνωε
545 697 590 762 ὼε
619 696 637 761 ὁ
666 698 874 775 Δημοτθένηε
911 700 1010 777 λέγει,
1049 699 1088 763 τό
1122 721 1157 765 τε

138 788 248 865 ἠθικὸν
272 785 339 865 ἔχει
362 788 440 865 μετὰ
458 788 654 866 γλυκύτητοε
674 785 762 869 [ἡδὺ]
783 790 877 850 λιτῶε
896 787 1157 866 ἐφηδονόμενον·

140 874 259 955 ἄφατοί
281 896 316 940 τε
341 877 413 954 περὶ
437 876 537 939 αὐτόν
561 876 636 940 εἰειν
660 874 824 954 ἀετεϊεμοί,
848 879 966 956 μυκτὴρ
986 879 1157 942 πολιτικώ-

140 985 244 1043 τατοε,
268 965 291 1048 †
316 965 471 1043 εὐγένεια,
494 967 532 1029 τὸ
556 963 710 1029 κατὰτὰ(
729 965 893 1043 εἰρωνεία(
913 965 1157 1046 εὐπόλαιετρον,

140 1053 310 1132 εκώμματα
338 1053 396 1116 οὐκ
427 1052 550 1131 ἄμουεα
574 1051 643 1117 οὐδ’
670 1052 824 1130 ἀνάγωγα
851 1054 932 1117 κατὰ
958 1057 1035 1119 τοὺ(
1058 1054 1157 1120 Ἀττι-

139 1144 216 1206 κοὺε
239 1142 393 1221 ἐκείνουε,
422 1140 493 1206 ἀλλ’
516 1142 710 1220 ἐπικείμενα,
740 1142 909 1221 διαευρμόε
938 1164 973 1207 τε
999 1144 1158 1210 ἐπιδέξια(

141 1232 193 1294 καὶ
211 1233 296 1294 πολὺ
315 1232 353 1295 τό
372 1231 511 1310 κωμικὸν
530 1231 581 1295 καί
600 1232 678 1309 μετὰ
697 1235 824 1295 παιδιᾶε
845 1231 998 1310 εὐετόχου
1014 1235 1156 1313 κέντρον,

141 1318 296 1398 ἀμίμητον
324 1321 360 1383 δέ
389 1320 491 1384 εἰπεῖν
521 1321 558 1384 τό
589 1321 626 1383 ἐν
656 1322 730 1384 πᾶει
759 1321 886 1385 τούτοιε
919 1322 1157 1400 ἐπαφρόδιτον·

141 1408 330 1473 οἰκτίεαεθαί
355 1430 389 1474 τε
413 1410 682 1488 προεφυέετατοε,
706 1408 752 1473 ἔτι
771 1411 807 1473 δέ
827 1412 1042 1490 μυθολογῆεαι
1064 1432 1156 1489 κεχυ-

140 1499 236 1576 μένοε
264 1500 314 1562 καὶ
343 1499 378 1562 ἐν
403 1498 490 1582 ὑγρῷ
520 1499 676 1576 πνεύματι
707 1498 902 1564 διεξοδεθεαί
932 1519 961 1562 τι
992 1499 1156 1580 εὐκαμπὴε

141 1584 261 1666 ἄκρωε·
286 1586 393 1667 ὥεπερ
417 1585 526 1666 ἀμέλει
549 1587 590 1651 τὰ
613 1589 671 1666 μὲν
694 1589 767 1666 περὶ
790 1590 848 1666 τὴν
868 1587 960 1665 Λητὼ
984 1591 1156 1667 ποιητικώ-

140 1696 231 1755 τερα,
255 1677 313 1741 τὸν
337 1674 365 1740 δ’
389 1676 561 1755 ἐπιτάφιον
585 1677 799 1740 έπιδεικτικῶε
823 1675 868 1739 m<
892 1675 950 1740 οὐκ
973 1675 1034 1740 οἷδ’
1059 1677 1157 1742 εἴτι(

140 1764 239 1830 ἄλλο(
268 1768 400 1831 διέθετο.
448 1765 467 1828 δ
497 1767 533 1829 δέ
561 1766 768 1844 Δημοεθένηε
800 1763 1035 1844 ἀνηθοποίητοε
1067 1765 1155 1831 ἀδιά-

142 1875 247 1933 χυτοε,
270 1855 379 1933 ἥκιετα
403 1854 500 1932 ὑγρὸς
523 1856 542 1932 ἢ
563 1853 782 1933 ἐπιδεικτικόε,
812 1853 966 1918 ἁπάντων
995 1855 1068 1935 ἐξῆ(
1091 1861 1158 1920 τῶν

140 1944 382 2021 προειρημένων
413 1943 494 2007 κατὰ
526 1943 565 2006 τὸ
598 1945 699 2007 πλέον
737 1941 877 2021 ἄμοιροε.
932 1943 1011 2008 ἔνθα
1048 1946 1157 2023 μέντοι

139 2035 268 2107 γελοῖοε
303 2029 383 2094 εἶναι
418 2030 555 2110 βιάζεται
587 2032 639 2095 καὶ
668 2031 807 2110 ἀετεῑοε,
845 2032 884 2096 οὐ
916 2034 1043 2109 γέλωτα
1077 2039 1157 2098 κινεῖ

140 2123 263 2198 μᾶλλον
285 2122 305 2198 ἢ
330 2122 553 2199 καταγελᾶται,
582 2119 662 2185 ὅταν
691 2122 727 2184 δέ
751 2120 887 2197 ἐγγίζειν
916 2123 992 2205 θέλῃ
1016 2127 1064 2206 τῷ
1088 2123 1156 2187 ἐπί-

140 2227 230 2286 χαρι(
254 2206 343 2287 εἶναι,
366 2208 440 2272 τότε
463 2211 565 2274 πλέον
584 2207 761 2288 ἀφίεταται.
799 2209 836 2273 τό
855 2211 892 2286 γέ
910 2231 960 2274 τοι
979 2212 1053 2289 περὶ
1072 2212 1156 2290 Φρύ-

140 2300 239 2377 νηεῆ
268 2295 499 2376 Ἀθηνογένουε
532 2299 675 2376 λογίδιον
708 2300 907 2378 έπιχειρήεαε
939 2298 1079 2378 γράφειν
1109 2301 1154 2365 ἐτι

141 2389 264 2464 μᾶλλον
306 2386 345 2451 ἂν
381 2387 577 2467 Ὑπερείδην
619 2389 812 2466 ευνέετηεεν.
873 2386 945 2451 ἀλλ’
981 2389 1156 2470 ἐπειδήπερ

140 2473 227 2554 οἶμαι
245 2476 285 2539 τὰ
302 2477 360 2553 μέν
379 2478 516 2556 θατέρου
535 2477 626 2555 καλά,
651 2477 701 2541 καὶ
725 2476 752 2540 εἰ
770 2475 886 2556 πολλά,
910 2475 998 2556 ὅμωε
1017 2476 1155 2557 ἀμεγέθη

141 2565 192 2628 καὶ
216 2563 269 2629 οἱα
288 2568 452 2645 νήφοντοε
472 2565 555 2645 ἀργὰ
573 2567 701 2630 καὶτὸν
720 2563 881 2645 ἀκροατὴν
901 2566 1031 2644 ἠρεμεῖν
1050 2568 1157 2632 ἐῶντα

141 2689 182 2698 -
207 2654 313 2718 οὐδελε
346 2660 427 2731 γοῦν
449 2654 645 2734 Ὑπερείδην
673 2653 900 2731 ἀναγινώεκων
929 2659 1081 2734 φοβεῖται
1104 2693 1156 2736 -,

141 2741 159 2805 δ
179 2743 215 2806 δέ
234 2743 257 2827 †
278 2742 371 2808 ἐνθεν
389 2744 474 2807 ἐλὼν
493 2747 552 2807 τοῦ
572 2742 883 2822 μεγαλοφοεετὰτου,
907 2745 958 2807 καὶ
977 2742 1032 2808 ἐπ’
1056 2743 1156 2824 ἄκρον

141 2831 256 2910 ἀρετὰ(
276 2834 566 2910 ευντετελεεμέναε,
583 2831 773 2911 ὑψηγορίαν,
788 2831 895 2911 τόνον,
911 2831 1041 2911 ἔμψυχα
1060 2835 1155 2913 πάθη,

141 2921 325 3000 περιουείαν
345 2919 512 2999 ἀγχίνοιαν
531 2920 638 2999 τάχοε,
659 2920 736 2986 ἔνθα
755 2922 791 2984 δέ
810 2921 941 2999 καίριον,
960 2924 1019 3001 τὴν
1039 2920 1156 2987 ἅπαειν

141 3010 313 3089 ἀπρόειτον
337 3008 505 3088 δεινότητα
534 3011 585 3073 καὶ
608 3010 754 3089 δύναμιν,
785 3011 894 3089 ἐπειδὴ
919 3015 1033 3089 ταῦτα,
1067 3013 1155 3092 φημὶ,

141 3100 184 3163 ὡε
208 3100 394 3177 θεόπεμπτα
417 3098 508 3162 δεινὰ
531 3100 703 3178 δωρήματα
728 3135 769 3144 -
794 3099 832 3163 οὐ
856 3099 917 3177 γὰρ
943 3099 1045 3164 εἰπεῖν
1070 3107 1154 3179 θεμι-

140 3190 197 3252 τὸν
221 3187 407 3267 ἀνθρώπινα
434 3223 470 3232 -
497 3185 600 3265 ἀθρόα
623 3189 656 3252 ἐε
680 3188 796 3252 ἑαυτὸν
820 3187 947 3266 έεπαεε,
977 3189 1029 3253 διὰ
1056 3194 1155 3254 τοῦτο

141 3275 189 3339 οίε
212 3277 278 3355 έχει
302 3280 412 3341 καλοῖ(
430 3275 575 3340 ἅπαντα(
600 3274 650 3341 ἀεὶ
672 3282 743 3360 νικᾷ
762 3278 813 3340 καὶ
832 3276 913 3354 ὑπὲρ
933 3274 979 3341 ὼν
999 3278 1059 3341 οὐκ
1078 3278 1153 3357 ἔχει,

140 3367 192 3428 καὶ
210 3365 347 3444 ὼεπερελ
366 3368 566 3448 καταβροντᾷ
585 3367 637 3430 καὶ
656 3368 852 3444 καταφλέγει
871 3367 946 3429 τοὺε
962 3365 1021 3430 ἀπ’
1036 3368 1155 3432 αἰωνοε

140 3453 293 3534 ῥήτοραε·
316 3454 368 3517 καὶ
391 3456 507 3518 θᾶττον
531 3451 571 3519 ἄν
591 3475 637 3519 τιε
657 3459 824 3534 κεραυνοῖ(
843 3457 1039 3533 φερομένοις
1058 3455 1154 3520 ἀντα-
