2392 3840
471 106 675 162 PRAEFATIO
1031 109 1083 164 XV

60 261 264 341 agglutinata
283 259 316 319 in
336 258 474 318 undecim
494 258 608 318 tabulis
633 258 810 336 marginatis
830 258 961 336 inclusit,
980 260 1083 321 ordine

57 351 210 426 fortuito,
249 349 300 426 qui
337 347 506 408 necessario
546 366 626 406 nunc
663 347 706 407 eis
742 348 916 407 retinendus
954 352 1013 426 est,
1047 354 1083 409 ut

57 461 102 502 ne
137 437 310 514 recomponi
346 432 465 513 quidem
501 437 618 512 possint
654 455 730 512 quae
767 437 840 495 olim
876 438 1081 498 cohaeserunt.

57 531 130 589 Diu
154 527 309 586 Harrisius
343 526 424 602 apud
456 544 488 584 se
520 525 640 602 habuit,
672 526 725 584 sed
755 527 825 601 post
858 525 922 584 eius
954 528 1082 586 mortem

60 620 223 678 curatores
245 615 344 674 Musei
375 612 545 673 Britannici
577 617 723 674 emerunt.
777 614 903 673 Ardenii
932 615 1081 693 volumen,

62 708 230 783 postquam
254 705 412 764 evolutum
431 702 657 781 agglutinatum
685 703 716 762 in
744 703 843 762 forma
865 703 966 781 lignea
987 702 1083 762 inclu-

65 814 138 854 sum
156 796 211 869 est,
233 793 418 869 permultos
437 809 530 851 annos
548 791 581 852 in
600 792 674 851 villa
693 793 772 851 senis
790 792 981 868 venerabilis,
1004 782 1096 867 quae'

61 887 116 943 est
140 883 171 942 in
198 883 265 941 loco
293 882 344 957 qui
366 881 651 958 „Rickmanaworth
673 877 775 940 Park“
799 884 938 958 vocatur,
964 881 1081 959 insigne

61 972 141 1032 atrii
164 973 372 1030 ornamentum
399 969 472 1046 fuit;
500 971 609 1047 quippe
636 989 698 1029 non
720 973 819 1030 exstat
842 989 968 1046 usquam
987 973 1082 1029 terra-

59 1081 138 1120 rum
168 1077 300 1136 papyrus
337 1057 469 1118 Graecus
506 1060 557 1136 qui
587 1060 665 1119 hunc
700 1059 891 1139 longitudine
925 1053 1080 1136 aequet*)

62 1150 127 1209 Sed
150 1152 313 1225 postquam
335 1147 486 1207 Ardenius
509 1146 564 1207 hac
587 1148 653 1210 vita
675 1148 811 1218 excessit,
834 1168 893 1208 uno
919 1149 1081 1224 eodemque

60 1239 115 1297 die
142 1242 173 1298 et
200 1238 256 1296 hoc
283 1237 424 1297 volumen
452 1239 483 1296 ct
511 1237 708 1296 clarissimum
731 1237 955 1296 Banlresianum
976 1236 1080 1297 Iliadis

63 1348 85 1387 a
108 1327 207 1386 Musei
231 1326 420 1385 curatoribus
443 1328 578 1401 emptum
606 1329 659 1386 cst.
705 1326 812 1402 Itaque
835 1345 912 1402 quae
936 1326 1081 1402 dissipata

62 1419 156 1476 erant
177 1416 239 1474 iam
262 1415 406 1473 maiorem
428 1417 548 1490 partem
569 1433 674 1474 rursus
697 1420 909 1475 convenerunt.

158 1502 177 1580 §
196 1505 226 1563 8.
252 1501 438 1563 Orationis
456 1503 621 1563 funebris
640 1503 749 1563 codex
768 1495 861 1583 (nunc
875 1497 940 1582 ΑΒ),
959 1524 1028 1565 cum
1047 1498 1166 1599 {2223}

62 1594 99 1653 in
131 1591 321 1652 Britanniam
352 1594 492 1668 portatus
524 1595 583 1667 est,
615 1591 647 1651 in
677 1593 733 1650 XV
765 1593 936 1670 fragmenta
968 1594 1026 1653 dis·
1041 1603 1168 1681 volumuinis

62 1685 189 1758 carptus
218 1684 297 1757 erat3
324 1684 357 1740 at
385 1681 536 1758 Babingto
563 1681 679 1757 primus
708 1681 805 1740 editor
833 1684 864 1740 ct
892 1683 1027 1741 sollertia
1088 1658 1127 1697 A'

60 1789 143 1830 usus
162 1775 191 1829 ot
210 1770 346 1829 acumine
359 1769 390 1827 id
406 1769 517 1843 effecit,
535 1775 571 1829 ut
589 1773 777 1829 sextantum
796 1772 896 1829 essent
914 1771 1079 1846 particulae

63 1877 232 1936 earumque
256 1858 328 1918 ordo
351 1862 472 1934 praeter
495 1878 586 1918 unam
608 1858 840 1918 minutissimam
864 1861 946 1919 certo
970 1859 1078 1918 consti·

60 1951 162 2008 tutus.
194 1947 300 2023 Neque
319 1948 478 2024 quicquam
495 1948 558 2007 iere
577 1949 686 2025 reliqui
699 1949 753 2008 ille
766 1948 838 2008 fecit
855 1949 999 2024 proximis
1019 1948 1080 2007 edi·

64 2037 194 2113 toribus,
217 2035 276 2094 nisi
293 2039 328 2094 ut
347 2036 405 2096 duo
429 2036 527 2112 prima
545 2038 714 2115 fragmenta
737 2039 775 2097 ad
799 2057 889 2097 unam
911 2039 1081 2097 columnam

66 2125 256 2185 efficiendam
275 2125 536 2200 coniungerentur.
578 2126 714 2185 Tertium
733 2128 937 2203 fragmentum
951 2127 1080 2187 secundo

65 2215 277 2290 continuatur,
305 2214 459 2273 columnas
488 2217 633 2290 quattuor
655 2216 836 2292 quintaeque
859 2219 977 2293 partem
1000 2235 1079 2275 com-

65 2303 204 2379 plexum3
227 2302 297 2361 inde
316 2303 457 2362 continuo
477 2305 619 2380 quartum
637 2305 756 2382 excipit,
779 2305 811 2362 in
830 2325 888 2381 quo
907 2309 939 2364 et
957 2304 1079 2382 quintae

67 2392 226 2451 columnae
249 2391 346 2450 maior
368 2408 439 2466 pars
462 2395 493 2450 et
515 2393 593 2451 aliae
617 2393 747 2471 quinque
772 2398 900 2453 exstant.
936 2394 1080 2453 Extrema

67 2498 142 2540 sane
164 2480 280 2557 harum,
303 2480 460 2538 undecima
482 2500 620 2559 numero,
644 2483 682 2541 ab
704 2482 792 2542 initio
815 2483 968 2558 usquead
990 2483 1079 2542 finem

65 2569 197 2629 nimium
221 2570 368 2645 quantum
390 2569 531 2629 mutilata
554 2573 609 2644 est,
631 2591 728 2648 neque
751 2573 825 2631 haec
848 2589 918 2647 pars
942 2572 1005 2631 eius
1028 2590 1078 2631 us-

64 2677 159 2735 quam
184 2660 347 2733 comparet.
393 2657 537 2728 Quintum
560 2660 764 2738 fragmentum
790 2660 981 2737 insequentes
1005 2660 1079 2720 duas

65 2746 216 2821 continet3
240 2746 375 2823 reliquae
399 2766 467 2806 cum
487 2748 605 2824 epilogo
624 2749 767 2809 orationis
786 2748 911 2825 periisse
929 2750 1078 2809 videntur.

62 2835 147 2894 Nam
171 2836 291 2894 sextum
314 2835 434 2912 quidem
461 2837 679 2915 fragmentum,
702 2839 780 2914 quod
811 2838 873 2898 sive
906 2839 943 2897 ad
971 2839 1079 2897 harum

62 2924 203 2998 aliquam
225 2925 287 2984 sive
311 2924 350 2983 ad
371 2924 561 2984 undecimam
582 2927 738 3003 pertinuit,
760 2926 803 2986 XI
826 2929 872 2986 est
894 2928 1078 3002 litterarum3

63 3012 212 3088 aliudque
249 3015 405 3089 postmodo
442 3014 598 3075 inventum
633 3016 802 3091 nequedum
838 3034 856 3075 a
887 3015 1077 3089 Babingtone

58 3101 182 3161 editum
211 3101 271 3161 VII
301 3103 419 3162 litteras
451 3104 551 3163 habet.
608 3103 749 3164 (letarum
785 3104 887 3165 ordine
925 3103 1077 3162 collocatis

61 3190 220 3268 omnibus,
244 3192 436 3266 explanatum
462 3193 604 3252 volumen
631 3194 810 3271 chartaeque
841 3193 996 3252 caeruleae
1022 3191 1077 3250 im-

135 3395 162 3463 *)
186 3393 249 3462 Ipse
273 3394 434 3450 Aristotelis
457 3396 529 3451 liber
556 3414 611 3451 non
636 3398 680 3451 est
708 3398 901 3468 excipiendus:
923 3414 980 3453 non
1003 3397 1078 3451 enim

57 3467 91 3521 in
111 3482 171 3520 una
195 3464 294 3520 charta
317 3467 365 3520 sed
388 3466 418 3521 in
436 3469 571 3535 quattuor
592 3467 624 3524 id
642 3469 784 3542 scripturn
799 3470 839 3525 alo
857 3469 951 3525 ‘initio
971 3464 1101 3522 exausta.
