2392 3840
89 127 168 183 XXII
493 125 696 182 PRAEFATIO

91 282 123 339 et
142 279 181 338 ad
199 279 275 337 banc
291 296 429 337 normam
447 280 548 337 cetera
566 277 695 337 scribere
714 279 799 338 solet.
838 276 863 338 Ν
887 276 1104 353 paragogicum

92 368 131 426 ab
159 384 180 427 α
207 385 301 444 paene
331 369 505 427 constanter
531 366 661 426 additur.
706 368 809 427 Foeda
835 366 910 426 vitia
936 365 1048 425 vitavit
1075 367 1107 424 et

92 473 113 515 u
132 458 163 516 et
183 456 209 532 β,
232 459 416 533 apparetque
435 456 576 515 librarios
594 456 730 515 homines
748 456 842 515 fuisse
861 454 983 514 minime
1006 453 1107 530 rudes,

92 546 194 605 sedt
164 549 194 604 et
213 545 369 606 scribendo
387 545 476 604 valde
495 546 675 604 exercitatos
694 564 791 621 neque
810 564 828 603 a
851 544 961 603 litteris
980 543 1107 603 alienos.

12 644 123 685 condicio
236 631 326 710 §14
353 634 399 693 De
422 634 594 694 condicione
621 634 692 693 libri
714 629 839 711 A1qua
861 652 940 692 nunc
963 639 1010 691 est
1032 633 1107 692 haec

8 698 128 791 '⁰¹¹²'im
147 726 219 782 sunt
232 722 500 783 commemoranda
529 721 607 782 Cum
625 723 787 798 deperierit
804 723 886 798 prior
904 741 985 799 pars,
1003 724 1109 780 tamen

92 831 196 871 earnm
221 812 401 888 paginarum
428 830 505 889 quae
533 815 601 871 ante
630 831 696 870 eam
724 830 800 888 qnae
827 830 906 870 nunc
933 811 1031 887 prima
1059 814 1108 869 est

90 902 216 959 fuerunt
242 900 393 977 fragmina
420 904 491 960 sunt
518 904 646 961 servata.
691 901 807 960 Eorum
829 901 947 959 nullum
970 918 1005 958 eo
1028 901 1107 958 tem-

90 1008 172 1065 pore,
196 1008 255 1066 quo
278 990 361 1064 prior
382 988 535 1066 Kenyonis
557 989 650 1049 editio
674 990 799 1065 prodiit,
823 990 872 1049 vel
894 1008 989 1048 unum
1011 987 1109 1048 versi-

91 1079 194 1136 culum
211 1078 364 1153 integrum
381 1079 520 1138 habebat.
556 1078 673 1155 Itaque,
683 1097 739 1154 ego
759 1099 827 1137 cnm
844 1076 986 1137 Isondinii
1009 1096 1109 1137 essem

91 1185 117 1225 a.
138 1168 224 1227 1892
244 1167 382 1243 interque
400 1186 507 1226 manus
526 1185 562 1226 ea
579 1168 749 1245 fragmenta
767 1169 916 1240 haberem,
936 1166 1108 1242 periculum

91 1255 261 1315 faciendum
289 1274 355 1315 esse
377 1255 496 1333 putavi,
525 1276 597 1314 num
625 1276 661 1314 ex
689 1257 855 1316 coniunctis
879 1257 922 1315 eie
950 1273 1028 1333 qnae
1051 1275 1109 1331 per

90 1362 123 1404 se
151 1345 227 1403 nulli
254 1345 324 1404 usui
351 1348 451 1404 essent
479 1344 593 1422 aliquid
617 1345 694 1405 effici
716 1350 832 1422 posset,
859 1363 954 1421 neque
978 1348 1107 1404 conatus

91 1451 230 1494 successu
245 1434 350 1511 caruit,
367 1435 545 1511 praesertim
559 1452 628 1493 cum
644 1434 764 1494 adesset
777 1435 903 1510 Kenyon
917 1434 1108 1508 fragmenta-

90 1541 161 1600 que,
189 1542 266 1599 quae
293 1542 353 1583 non
380 1527 480 1583 essent
507 1525 629 1583 chartae
658 1524 773 1582 recenti
805 1524 997 1601 agglutinata
1028 1523 1108 1582 sicut

90 1610 275 1688 Hermaiana,
290 1612 395 1672 statim
408 1613 548 1689 adaptari
559 1615 690 1690 possent.
718 1612 825 1689 Itaque
841 1612 1000 1671 coniuncta
1014 1630 1107 1687 opera

90 1703 195 1760 nostra
220 1721 318 1780 neque
344 1707 415 1778 post
442 1703 605 1762 discessum
634 1721 733 1760 meum
765 1701 875 1761 omissa
903 1701 935 1759 id
965 1700 1107 1760 effectum

90 1792 145 1864 est,
168 1794 204 1850 ut
222 1787 263 1851 sit
280 1791 334 1850 ubi
351 1794 435 1851 totae
454 1791 622 1850 sententiae
640 1809 719 1848 nunc
741 1810 801 1850 uno
824 1795 929 1850 tenore
952 1791 1106 1867 legantur.

88 1878 157 1938 Duo
181 1883 283 1938 autem
306 1898 343 1937 ex
364 1879 426 1938 illis
448 1879 626 1956 fragmentis
650 1880 805 1939 columnae
829 1880 945 1955 primae
972 1897 1106 1938 accesse-

89 1971 170 2044 runt,
192 1968 271 2027 unde
290 1968 404 2027 factum
422 1969 458 2025 ut
475 1967 518 2026 ibi
536 1985 642 2027 versus
660 1967 739 2026 male
761 1968 896 2028 truncati
918 1970 968 2028 vel
989 1967 1106 2047 integri

90 2056 252 2115 evaderent
273 2057 323 2115 vel
345 2055 457 2114 rectius
481 2056 615 2132 suppleri
637 2060 770 2132 possent
811 2056 987 2117 Ceterorum
1011 2057 1106 2117 etiam

90 2143 224 2203 ordinem
251 2143 470 2221 quadamtenus
494 2145 652 2204 constituit
675 2146 814 2222 Kenyon,
836 2147 1016 2224 paginarum
1041 2165 1107 2206 suc·

90 2232 238 2292 cessiones
257 2234 520 2310 cohaerentiasque
541 2253 578 2294 cx
600 2253 706 2294 aversa
729 2254 847 2312 quoque
871 2236 994 2294 chartae
1017 2239 1107 2311 parte

90 2339 236 2396 quaerens
260 2327 350 2399 atque
373 2322 499 2399 rimans,
527 2342 623 2400 neque
646 2324 767 2384 ridetur
790 2324 919 2400 amplius
943 2325 1108 2402 quicquam

88 2429 169 2469 nunc
188 2411 267 2470 effici
284 2430 382 2489 posse,
400 2413 459 2472 nisi
476 2413 603 2472 miserae
622 2415 728 2472 herum
743 2415 923 2488 paginarum
936 2414 1107 2474 condicioni

89 2517 169 2559 nova
192 2501 342 2578 fragment
343 2521 362 2560 a
329 2502 454 2562 tlibri
476 2505 597 2578 reperta
619 2502 821 2562 subvenerint

1 2597 130 2692 ”affl
233 2588 324 2665 515.
353 2591 437 2650 Inter
463 2609 566 2651 omnes
593 2591 687 2650 libros
710 2589 897 2667 Hyperideos
925 2591 1013 2650 facile
1041 2593 1109 2667 pel·

1 2663 30 2692 *⁰
45 2705 84 2748 A
144 2697 225 2737 mam
243 2679 335 2739 habet
322 2681 493 2740 tvolumen
513 2680 677 2742 Revillouti
695 2674 773 2758 (Ab
811 2680 966 2756 Scriptura
990 2700 1026 2740 ea
1049 2685 1107 2760 est,

92 2784 168 2843 quae
200 2769 258 2828 etsi
287 2769 338 2828 vix
367 2769 428 2828 dici
455 2770 552 2846 possit
580 2769 714 2846 elegans,
746 2772 849 2827 tamen
879 2787 917 2828 ne
947 2769 1106 2848 inelegans

91 2855 212 2932 quidem
230 2859 339 2934 possit3
362 2858 486 2936 grandis
505 2861 560 2934 est,
582 2856 678 2937 nigra,
702 2857 878 2935 clarissima3
901 2877 998 2935 neque
1023 2860 1107 2920 enim

91 2945 274 3028 colligantur
291 2948 371 3008 inter
390 2966 421 3007 se
440 2947 572 3022 litterae,
591 2946 642 3004 sed
661 2965 857 3023 unaquaeqne
875 2967 928 3024 per
947 2966 979 3006 se
996 2951 1105 3009 exstat.

89 3033 269 3113 Magnitudo
288 3056 391 3096 earum
411 3037 484 3095 satis
508 3035 650 3112 aequalia,
674 3055 855 3112 quamquam
877 3040 997 3112 praeter
1020 3035 1049 3099 Φ
1073 3039 1107 3098 et

91 3119 121 3183 Ψ
140 3125 232 3185 etiam
250 3123 273 3186 Ρ
291 3126 412 3204 longius
431 3129 486 3203 eet,
509 3124 590 3182 infre
607 3142 728 3182 versum
749 3125 829 3183 enim
852 3127 913 3186 alte
938 3126 1105 3205 descendit3

90 3215 157 3271 tum
185 3215 292 3275 ductus
320 3214 418 3274 dextri
445 3213 617 3272 litterarum
640 3210 672 3272 Δ
695 3216 726 3272 et
748 3210 773 3274 Λ
801 3232 892 3290 supra
914 3215 1106 3292 aliquantum

90 3302 269 3402 prominent.
306 3302 540 3381 Epigraphicam
563 3302 691 3360 formam
714 3302 805 3361 habet
826 3301 917 3379 A‚t
883 3307 917 3362 ut
941 3304 1104 3381 aliquoties

91 3389 123 3448 in
141 3383 243 3465 uzi
219 3393 381 3453 ·litterae
401 3392 509 3451 ductus
527 3410 588 3450 non
605 3389 702 3466 magis
727 3410 816 3468 quam
839 3349 901 3451 illic
924 3397 995 3452 sunt
1017 3394 1105 3453 colli-

86 3480 169 3555 gati;
198 3482 314 3540 ceterae
341 3482 469 3559 formae,
496 3479 554 3539 etsi
580 3480 691 3555 partim
714 3481 826 3540 habent
849 3482 929 3558 quod
950 3483 1104 3557 peculiare
