2392 3840
445 123 715 178 AHOOEACMAUA
1020 121 1082 185 125

165 267 238 332 176.
260 266 407 343 Εὐθίας·
430 268 504 332 Ὑπ.
528 268 609 347 ὑπὲρ
628 271 694 347 pp..
717 273 784 333 τῶν
807 269 859 333 ἐπὶ
883 268 1078 352 ευκοφαντίᾳ
1092 289 1130 328 ιοτ

66 357 330 436 διαβεβλημένων
354 357 394 437 ἠν
417 355 436 420 ὁ
460 357 579 422 Εὐθὶατ.
624 356 781 440 Harpoer.

166 446 238 509 177.
257 441 453 529 Ἰσοδαίτης·
503 445 578 511 Ὑπ.
603 447 639 510 ἐν
671 451 717 530 τῷ
749 447 830 525 ὑπὲρ
863 448 928 525 Φρ..
962 445 1136 512 levatitias

69 555 118 599 τιε
142 533 278 613 δαίμων,
309 534 336 618 ᾧ
359 535 399 599 τὰ
421 534 551 614 δημώδη
583 536 700 611 γύναια
727 537 778 600 καὶ
806 538 845 614 μὴ
874 534 959 599 πάνυ
987 556 1082 600 (που-

72 628 151 689 δαῖα
192 623 303 688 ἐτέλει.
362 622 464 708 Harp.
501 623 540 688 ef.
572 622 692 709 Hager.
729 624 768 687 de
805 624 937 708 graeeit.
973 624 1083 708 hyper.

163 802 237 866 178.
260 800 297 866 Ὁ
325 803 360 864 δὲ
387 800 463 865 Ὑπ.
488 802 712 880 ευναγορεύων
740 808 777 886 τῇ
802 802 923 886 Φρύνη,
957 801 1001 866 ὡς
1030 802 1083 865 οὐ·
1099 829 1137 869 eoa

68 893 129 955 δὲν
161 891 241 970 ἤνυε
274 891 380 966 λέγων
412 891 554 954 ἐπίδοξοί
585 912 620 955 τε
648 892 727 971 ἦεαν
755 891 786 956 οἱ
819 892 958 956 δικατταὶ
990 912 1084 955 κατα-

70 981 305 1059 ψηφιούμενοι,
347 980 547 1058 παραγαγὼν
583 981 683 1059 αὐτὴν
725 981 769 1045 εἰ(
810 981 994 1059 τούμφανὲε
1035 981 1086 1043 καὶ

67 1071 264 1148 περιρρήξατ
304 1070 379 1132 τοὺ(
421 1068 635 1147 χιτωνίεκουτ,
677 1069 781 1148 γυμνά
816 1092 850 1135 τε
892 1070 932 1133 τὰ
973 1071 1086 1147 ετέρνα

71 1159 221 1237 ποιήταε,
245 1159 321 1221 τοὺ(
344 1159 545 1234 ἐπιλογικοὺς
569 1156 695 1222 οἴκτου(
718 1161 753 1223 ἐκ
775 1165 831 1239 τῆε
855 1157 964 1238 ὄψεωε
988 1159 1085 1238 αὐτῆς

70 1246 325 1325 ἐπερρητόρευεε
349 1246 612 1325 δειειδαιμονῆταὶ
635 1245 667 1310 τ’
690 1248 817 1326 ἐποίηεε
841 1250 917 1312 τοὺ(
940 1248 1085 1312 δικαετὰε

70 1336 153 1418 (καὶ)
176 1338 236 1414 τὴν
259 1334 421 1415 ὑποφῆτιν
444 1336 495 1399 καὶ
517 1335 655 1413 Ζάκορον
679 1335 869 1415 Ἀφροδίτη(
892 1338 974 1421 ἐλέῳ
999 1358 1086 1415 χαρι-

73 1426 231 1502 εαμένουτ
256 1426 295 1503 μὴ
320 1424 513 1489 ἀποκτεῖναι.
561 1422 737 1488 ΑτλΧΗΙ
756 1447 785 1506 p.
805 1424 931 1508 59011,
959 1425 998 1490 cf.
1023 1426 1088 1490 Eu·

73 1513 175 1577 aiath.
195 1513 236 1576 ad
254 1511 292 1576 Il.
313 1512 408 1595 1259,
434 1515 451 1578 1
472 1513 522 1596 R.3
552 1511 620 1577 vit.
640 1512 670 1576 X
694 1535 739 1577 or.
762 1536 794 1598 p.
813 1512 877 1577 849
897 1513 935 1577 Ε.
968 1513 1086 1588 Quam·

72 1624 172 1686 quam
197 1623 276 1665 num
309 1625 372 1685 qua
396 1624 472 1685 pars
500 1602 595 1666 huius
623 1602 819 1666 narrationis
851 1602 992 1666 orationi
1024 1604 1087 1685 ipsi

71 1692 239 1767 debeatur,
263 1690 342 1754 mihi
367 1692 495 1775 quidem
518 1691 611 1756 valde
636 1691 769 1755 dubium
793 1694 852 1754 est.

166 1779 265 1844 *lla
280 1778 521 1863 Alciphr.1‚32:
537 1778 666 1858 αἴτηεόν
680 1801 711 1843 τι
724 1801 789 1859 παρ
804 1777 912 1844 ἀὐτοῦ
923 1776 1087 1866 (Euthia),

72 1869 126 1933 καὶ
158 1866 235 1946 ὄψει
267 1871 401 1948 τεαυτὴν
428 1871 448 1948 ἢ
476 1869 517 1933 τὰ
548 1870 667 1947 νεώρια
698 1869 937 1948 ἐμπεπρηκυῑαν
964 1872 984 1948 ἢ
1011 1871 1088 1933 τοὺ(

73 1957 196 2035 νόμου(
220 1958 447 2022 καταλύουταν.
494 1957 533 2021 In
556 1957 606 2021 his
625 1959 730 2022 inesse
750 1979 832 2042 quae
856 1981 895 2022 ex
912 1957 1087 2042 Hyperidis

72 2046 222 2111 oratione
255 2046 402 2132 derivata
439 2046 506 2111 sint
541 2050 628 2110 recle
666 2068 717 2110 me
753 2047 880 2112 monuit
912 2047 1088 2130 Babingto.

71 2133 123 2200 Of.
153 2135 218 2220 frg.
247 2134 500 2219 Lycophroneae
531 2159 550 2201 a
580 2133 711 2200 Polluce
738 2134 800 2221 ΙΧ,
829 2137 892 2202 156
923 2139 1089 2202 servatum

71 2222 191 2310 (supra
215 2246 246 2306 p.
265 2224 336 2308 26);
369 2224 438 2288 add.
464 2223 537 2308 Lye.
562 2225 621 2289 eol.
646 2225 703 2310 10,
726 2228 754 2290 7.
780 2261 818 2274 -
845 2225 884 2290 V.
910 2226 1008 2291 eliam
1031 2226 1089 2289 Al-

71 2313 176 2397 eiphr.
195 2312 225 2396 Ι,
248 2313 304 2378 30:
337 2313 367 2378 εἰ
388 2314 448 2392 γὰρ
479 2313 621 2377 αἰτοῦεαι
651 2315 738 2393 παρὰ
766 2320 833 2380 τῶν
863 2316 1005 2394 ἐραττῶν
1033 2315 1088 2394 ἀρ-

71 2403 188 2481 γύριον
217 2402 256 2467 οὐ
284 2401 484 2480 τυγχάνομεν
513 2405 533 2481 ἢ
560 2407 629 2467 τοῑε
657 2407 796 2469 διδοῦειν
834 2404 1089 2482 ἑντυγχάνουεαι

72 2491 220 2571 ἀεεβείαε
244 2491 459 2571 κριθητόμεθα,
484 2496 661 2557 πεπαῦεθαι
684 2497 829 2571 κρεῖττον
848 2495 922 2572 ἡμῖν
940 2497 999 2557 τοῦ
1020 2494 1088 2572 βίου

73 2581 269 2644 τούτουκαὶ
297 2583 404 2659 μηκέτι
432 2580 518 2658 ἔχειν
546 2580 716 2659 πράγματα
745 2583 822 2660 μηδὲ
850 2587 919 2647 τοῖτ
947 2581 1089 2660 ὁμιλοῡει

72 2671 238 2748 παρέχειν.

168 2757 241 2821 180.
264 2758 361 2838 Apud
374 2758 561 2822 Messalam:
580 2758 680 2823 Bene
696 2758 949 2840 feeitEathia.
980 2759 1088 2834 Quint.
1103 2781 1143 2820 21⁰

76 2845 105 2926 Ι,
128 2846 159 2930 5,
184 2846 236 2912 61.
282 2846 427 2910 Vertisse
451 2845 625 2911 Messalam
649 2848 683 2911 in
706 2848 843 2911 latinum
866 2848 950 2912 hanc
970 2849 1089 2912 oratio·

76 2956 153 2998 nem
177 2935 262 2998 idem
287 2933 395 3010 Quint.
419 2935 525 3019 referi,
548 2934 587 3017 X,
611 2935 641 3019 5,
665 2938 695 3001 2.

151 3132 202 3181 177
221 3126 344 3194 ἰεοδέτηε
362 3126 393 3180 A.
415 3158 447 3166 -
468 3131 519 3181 178
538 3131 583 3182 καί
600 3131 654 3194 τὴν
674 3126 713 3182 S.:
735 3130 788 3194 τήν
808 3126 882 3182 libri.
908 3127 943 3183 ef.
958 3129 1037 3182 Eusl.
1057 3160 1091 3169 —

74 3199 266 3338 ἒὲηεὲιὲιὶἑὲουε
285 3198 478 3267 Caaaubonua3
501 3215 626 3266 χαριεαμ.
646 3197 740 3266 codd„
761 3198 835 3266 quod
855 3198 910 3255 def.
930 3199 1089 3256 WilamoW.
