2392 3840
471 99 676 155 PRAEFATIO
962 105 1080 160 XXXIII

60 253 252 330 possessione
276 255 371 328 erant,
394 251 581 328 locupletata
603 255 657 312 est.
703 252 866 313 Postmodo
890 258 921 313 et
943 255 1011 331 ipsa
1029 252 1077 316 bis

59 343 185 403 eontuli
218 340 297 400 Sunt
315 344 416 400 autem
434 341 551 401 ambitu
569 360 672 417 parva,
690 360 747 400 usu
768 342 889 402 minIme
905 345 1075 418 spernenda

60 431 234 510 Eggeriana
252 448 341 507 porro
359 430 538 507 fragmenta,
562 449 637 508 quae
657 435 688 490 et
706 431 795 507 plura
814 435 844 490 et
863 435 977 491 maiora
997 437 1077 511 sunt,

60 521 176 598 Eggeri
212 518 357 597 principis
394 519 517 578 editoris
549 520 711 595 praecipua
748 520 934 598 benignitate
974 523 1078 581 statim

60 629 181 670 meeum
204 607 425 669 communicata
451 608 568 686 insigne
597 608 659 667 iam
685 608 799 685 primae
828 609 952 668 editioni
980 611 1077 670 inore-

59 701 199 758 mentum
237 698 414 757 attulerunt.
459 697 506 755 Ea
537 716 613 773 quae
644 697 697 756 ille
731 698 825 757 edidit
855 697 915 757 XII
951 718 1075 759 numero

60 789 199 864 fuerunt3
233 786 359 845 tertium
386 786 534 845 decimum
562 789 668 861 postea
694 786 851 846 inventum
879 807 934 863 per
960 788 1079 848 litteras

61 877 137 935 mihi
167 868 385 953 impertivit‘i)
436 873 577 934 Ceterum
606 894 642 934 ex
672 875 713 934 eis
744 876 804 935 alia
834 876 916 936 inter
947 896 978 936 se
1011 896 1078 937 oon·

60 965 229 1044 iungenda,
266 964 327 1023 alia
357 965 389 1022 in
417 964 488 1023 bina
520 963 687 1023 dirimenda
718 965 850 1024 fuerunt.
894 965 1009 1041 Nempe
1044 985 1080 1026 ea

62 1055 166 1117 omnia
193 1055 365 1131 fragmenta
392 1054 430 1111 ab
454 1051 606 1111 Arabibus
635 1053 747 1130 insigni
774 1054 903 1130 quadam
930 1055 1080 1114 industria

61 1162 123 1202 nna
149 1161 219 1202 oum
242 1142 310 1201 aliis
334 1141 464 1202 aiiorum
481 1142 668 1201 voluminum
690 1143 734 1200 ita
757 1145 965 1220 conglutinata
984 1147 1079 1222 erant,

62 1236 96 1292 ut
119 1230 235 1309 integri
257 1231 420 1291 voluminis
444 1231 571 1307 speeiem
595 1232 787 1307 praeberent3
816 1234 895 1308 quod
919 1236 1078 1310 postquam

61 1321 220 1382 evolutum
249 1322 309 1392 est,
336 1320 419 1379 fraus
449 1319 609 1379 manifesta
636 1320 704 1379 fuit.
750 1321 839 1380 Alius
867 1321 971 1382 ficticii
993 1324 1079 1383 volu·

61 1410 153 1470 minis
170 1428 242 1486 pars
261 1409 322 1468 fuit
339 1409 545 1486 fragmentum
563 1408 774 1485 Londiniense,
798 1430 856 1485 quo
877 1411 966 1471 index
984 1413 1078 1471 trium

61 1499 236 1559 orationum
258 1497 445 1557 iudicialium
468 1498 651 1574 continetur3
679 1497 710 1556 id
738 1499 776 1556 ad
803 1500 931 1558 alteram
959 1501 1079 1559 demum

63 1588 229 1648 editionem
265 1591 385 1663 praesto
418 1586 487 1647 fuit.
532 1586 557 1644 Ε
587 1587 677 1645 tertio
714 1586 886 1661 fragmenta
917 1589 1078 1649 Tanooekii

62 1677 251 1753 prodierunt,
275 1695 290 1734 e
314 1678 422 1752 quarto
441 1674 613 1752 Raphaelii3
637 1674 689 1733 sed
713 1694 748 1733 ex
770 1694 950 1751 unoquoque
973 1679 1079 1736 messis

62 1767 173 1844 exigua
195 1765 269 1841 fuit3
292 1771 367 1841 puto
391 1784 441 1824 eas
465 1763 626 1824 voluminis
649 1767 765 1840 partes,
793 1783 869 1839 quae
893 1764 1003 1824 desunt
1031 1765 1079 1824 ad-

63 1856 129 1934 hue,
148 1855 198 1914 vel
218 1853 438 1930 quinquaginta
452 1853 569 1913 ficticiis
588 1853 790 1913 voluminibus
809 1853 897 1913 facile
918 1854 1078 1914 suffecisse.

64 1977 105 1986 -
146 1942 300 2003 Orationis
336 1943 471 2002 funebris
512 1943 654 2002 uolumen
689 1943 737 2002 vir
773 1942 846 2001 mihi
883 1943 1079 2003 amicissimus

62 2034 84 2093 Ι.
112 2033 148 2092 Ε.
182 2031 300 2108 Sandys
338 2032 480 2109 eontulit,
516 2050 651 2107 quaeque
688 2031 730 2091 ibi
762 2033 930 2111 invenerat,
963 2052 1079 2093 meeum

62 2121 304 2182 communicavit.
331 2152 369 2161 -
396 2121 440 2180 De
468 2121 511 2179 eis
539 2139 615 2196 quae
643 2121 675 2179 in
702 2121 854 2182 volumine
878 2115 920 2181 Al
942 2123 1080 2182 facienda

63 2212 186 2271 suerunt
222 2210 284 2269 iam
321 2229 413 2285 supra
450 2203 487 2289 (ξ
523 2202 584 2290 14)
627 2211 794 2285 expositum
835 2214 893 2288 est3
931 2211 983 2271 sed
1023 2212 1080 2271 hoc

63 2299 248 2374 addendum,
276 2297 451 2375 Kenyonem
479 2318 539 2374 qua
567 2302 614 2358 est
637 2317 753 2358 summa
777 2300 964 2359 humanitate
988 2305 1079 2377 atque

64 2388 215 2448 industria
237 2388 318 2447 locos
343 2389 484 2448 obscuros
507 2388 618 2447 iterum
640 2391 730 2463 atque
753 2389 865 2448 iterum
882 2408 930 2448 me
954 2394 1080 2467 rogante

63 2477 230 2553 inspexisse
271 2476 467 2552 adnisumque
509 2497 543 2535 ex
585 2495 640 2536 sua
680 2480 765 2553 parte
807 2497 886 2550 esse,
933 2482 968 2537 ut
1007 2480 1080 2538 haec

64 2567 157 2626 editio
182 2584 274 2641 quam
297 2565 540 2625 emendatissima
562 2565 704 2642 prodiret.
725 2598 766 2606 —
785 2566 820 2625 In
840 2560 882 2625 A²
905 2570 1011 2644 ectypo
1034 2569 1079 2628 uti

63 2655 150 2732 potui
177 2649 274 2730 (siout
301 2655 333 2712 in
355 2655 570 2714 Taneookianis
598 2673 717 2731 quoque
745 2649 950 2738 fragmentIs);
980 2657 1081 2733 ipsum

65 2745 204 2805 volumen
242 2743 373 2802 nondum
415 2743 485 2803 vidi
525 2776 563 2785 —
602 2743 738 2819 Denique
780 2748 1079 2821 commemorandum,

63 2833 142 2910 quod
161 2831 323 2910 BabingtO,
345 2835 507 2909 postquam
531 2852 566 2891 ex
589 2851 636 2891 me
660 2832 776 2891 audivit
799 2832 924 2893 alteram
949 2854 997 2893 me
1021 2835 1081 2893 edi-

64 2922 179 2981 tionem
209 2939 331 2997 parare,
364 2922 444 2981 ultro
471 2921 545 2979 mihi
573 2921 787 2981 commentaria
822 2940 877 2981 sua
905 2923 1004 2982 omnia
1032 2924 1079 2981 ob·

63 3011 150 3088 tulit,
183 3029 260 3086 quae
295 3010 334 3069 ad
366 3010 590 3087 deperditarum
622 3009 792 3069 orationum
824 3012 994 3088 fragmenta
1025 3012 1079 3069 ali-

64 3100 185 3177 quando
214 3098 329 3159 edenda
354 3104 424 3159 ante
451 3100 564 3159 multos
593 3119 687 3159 annos
715 3100 773 3158 sibi
799 3103 972 3175 paraverat:
1000 3100 1079 3158 unde

65 3187 280 3248 additamentis
316 3208 376 3247 non
408 3207 478 3248 sane
515 3190 619 3264 paucIs
655 3208 752 3265 neque
784 3190 902 3249 levibus
940 3208 974 3247 ea
1010 3208 1081 3265 pars

64 3296 148 3337 meae
173 3277 314 3338 editionis
338 3278 434 3338 ditata
457 3281 510 3337 est.

137 3466 161 3536 *)
179 3465 222 3522 De
240 3466 348 3520 decimo
368 3467 468 3534 quarto
488 3483 513 3521 v.
530 3465 567 3521 ad
584 3465 600 3521 I
619 3464 674 3522 oot.
688 3470 715 3538 t,
729 3471 757 3522 a.

115 3566 268 3620 Esuriens,
282 3565 316 3608 ed.
332 3566 408 3610 Biass.
881 3572 900 3610 (t
