2392 3840
474 125 677 181 PRAEFATIO
1033 130 1086 185 VII

67 282 276 349 reservarent;
298 278 383 342 ,unde
406 277 453 336 illi
475 276 597 336 maioris
619 277 710 354 pretii
733 296 785 353 spe
809 278 923 338 inducti
946 282 1080 357 amplum

67 368 146 428 illud
177 368 319 428 volumen
349 365 559 426 Castellarium
589 367 749 443 diligenter
780 368 965 447 celaverunt,
997 371 1082 430 rede-

67 457 197 535 untique
211 456 344 516 Ardenie
362 459 454 515 noctu
473 455 550 514 clam
564 456 642 515 Italo
660 456 802 515 trecentis
817 460 848 515 et
862 457 1082 536 quinquaginta

67 545 202 606 nummis
227 545 360 604 Turcicis
382 544 590 605 vendiderunt,
637 543 809 604 Sciscitanti
827 549 936 621 tamen,
960 548 1013 605 ubi
1036 549 1082 606 in-

67 639 195 697 ventum
217 636 311 702 esset,
344 632 447 692 callidi
469 633 604 693 homines
636 653 801 710 numquam
832 635 931 695 lecum
955 635 1082 711 prodere

67 702 247 802 voluerunt,
271 742 366 799 neque
390 721 472 781 aliud
494 722 665 782 indicarunt
689 743 779 799 quam
806 723 886 782 circa
908 724 1007 783 locum
1031 725 1083 800 qui

67 811 218 873 Gournou
242 811 352 871 dicitur
379 811 411 870 in
434 812 535 888 lignea
558 830 627 871 arca
650 812 809 888 sepulcrali
836 813 986 872 inclusum
1013 832 1081 889 rep-

66 902 191 979 perisse.
237 900 385 959 Volnmen
408 900 446 959 ab
465 898 598 960 Ardenio
621 901 653 959 in
671 901 860 961 Britanniam
884 906 1081 981 asportatum,

65 991 122 1050 ubi
146 990 307 1067 diligenter
330 989 450 1049 evoluto
479 989 632 1066 cognitum
662 994 708 1049 111
736 991 880 1050 orationis
908 1011 963 1067 pro
987 992 1082 1069 Lyco·

66 1081 184 1155 phrone
208 1079 407 1154 posteriorem
424 1081 542 1154 partem
561 1078 843 1156 Euxenippeamque
862 1079 1012 1156 integram
1035 1082 1081 1140 in·

66 1187 141 1228 esse.
192 1167 334 1229 Nondum
364 1169 466 1226 tamen
497 1166 600 1244 copias
632 1168 788 1228 Thebanus
822 1170 982 1229 exhaustas
1016 1189 1081 1229 esse

66 1262 188 1332 tempus
221 1257 373 1332 patefecit.
431 1256 519 1316 Anno
552 1257 631 1316 enim
656 1259 740 1318 1856
773 1259 882 1317 tertius
915 1258 1081 1318 Britannus

68 1347 107 1406 H.
128 1346 253 1405 Stobart
276 1364 311 1404 ex
334 1345 574 1421 peregrinatione
597 1345 786 1423 Aegyptiace
809 1347 886 1406 alins
910 1348 1082 1426 voluminis,

68 1435 152 1513 quod
185 1434 353 1494 orationem
384 1435 540 1493 funebrem
571 1433 734 1510 Hyperidis
766 1436 967 1510 continuerat,
999 1437 1081 1515 frag-

69 1528 173 1583 menta
195 1523 227 1581 in
250 1523 381 1598 patriam
405 1541 506 1582 secum
529 1522 645 1599 attulit,
673 1541 750 1599 quae
773 1543 791 1582 a
813 1524 984 1585 tabernario
1008 1545 1081 1602 quo·

67 1613 138 1671 dam
163 1613 274 1671 Thebis
301 1611 471 1689 habitante,
504 1630 594 1688 quem
626 1610 754 1670 eundem
777 1610 986 1671 Castellarium
1015 1633 1080 1674 esse

68 1701 235 1778 putaveris,
259 1705 359 1776 empta
381 1701 539 1760 referebat.
585 1699 746 1759 Praeterea
767 1700 895 1776 parvula
912 1702 1083 1777 fragmenta

67 1791 179 1867 prioris
203 1789 285 1848 illius
309 1789 470 1850 voluminis
497 1790 577 1848 inter
600 1788 726 1848 Ardenii
748 1789 846 1849 varias
875 1788 1000 1848 schedas
1023 1791 1082 1850 Ba·

67 1880 198 1957 hington
221 1879 430 1956 investigavit,
459 1879 519 1938 alia
541 1878 674 1938 Parisios
698 1877 736 1938 ad
758 1877 934 1937 Michaelem
957 1877 1080 1939 Chasles

67 1970 267 2044 devenerunt,
292 1987 368 2045 quae
391 1968 530 2046 ngerus
555 1987 582 2029 a.
607 1969 692 2027 1868
717 1968 824 2045 edidit3
856 1971 921 2027 tum
944 1968 1080 2047 longiore

67 2061 204 2133 ternpore
230 2057 401 2116 intermisso
429 2058 476 2115 his
503 2057 648 2132 proximis
676 2058 761 2117 annis
784 2061 815 2117 et
839 2055 1082 2118 (1111111111

67 2146 233 2206 Britannus
258 2166 294 2205 ex
316 2145 456 2223 Aegypto
479 2165 557 2206 nova
575 2145 723 2224 quaedam
746 2165 847 2206 secum
865 2146 972 2206 attulit
990 2141 1081 2228 (quae

68 2235 164 2294 edidit
182 2235 216 2293 F.
237 2233 271 2294 G.
290 2233 418 2312 Kenyon
437 2253 462 2294 a.
484 2229 594 2316 1892),
613 2239 644 2294 et
666 2235 698 2293 in
714 2236 781 2311 ipsa
798 2235 957 2295 Britannia
976 2256 1080 2296 rursus

68 2324 129 2383 alia
152 2323 258 2399 paucis
282 2323 399 2383 assibus
422 2322 495 2382 emit
519 2322 552 2384 O.
572 2322 603 2382 0.
622 2323 766 2401 Baphael‚
789 2344 866 2402 quae
884 2325 1025 2385 videlicet
1048 2326 1080 2384 in

67 2413 123 2471 illa
144 2415 228 2471 terra
251 2412 310 2471 iam
334 2411 448 2472 diutius
472 2412 552 2488 apud
575 2412 670 2472 alium
691 2431 891 2488 possessorem
918 2414 1080 2474 latuerant.

67 2502 175 2578 Itaque
200 2519 268 2577 spes
292 2504 338 2560 est
361 2500 442 2560 haud
461 2501 578 2578 exigua,
601 2500 705 2561 eadem
727 2501 843 2561 ratione
867 2505 983 2563 ceteras
1006 2523 1079 2580 quo·

68 2609 126 2668 que
151 2590 317 2666 particulas
341 2590 430 2649 huius
455 2590 623 2668 voluminis,
647 2590 673 2650 si
694 2608 754 2650 non
777 2609 888 2667 omnes,
911 2594 944 2650 11
965 2592 1079 2668 pleras-

66 2699 125 2755 que
149 2683 229 2738 certe
253 2677 414 2756 aliqnando
436 2696 491 2739 nos
513 2683 742 2755 recuperaturos
766 2697 839 2738 1111.

157 2765 178 2842 ἓ
203 2770 232 2826 3.
268 2767 376 2827 Altera
403 2767 508 2826 deinde
541 2772 624 2828 aetas
650 2766 821 2828 inveniendi
852 2768 1023 2828 litterarum
1041 2762 1158 2856 V⁰¹¹¹¹²²³ss⁸

68 2855 255 2917 Graecarum
274 2857 416 2934 reliquias
435 2876 471 2916 ex
490 2857 649 2935 Aegyptiis
673 2856 816 2931 sepulcris
840 2858 961 2918 effossas
979 2858 1023 2918 in·
1042 2827 1158 2910 suffia

67 2949 171 3005 secuta
194 2947 252 3022 est,
282 2947 382 3021 priore
412 2945 534 3023 quidem
560 2946 614 3005 illa
641 2944 733 3004 etiam
761 2946 857 3004 multo
881 2946 1077 3022 splendidior:

68 3033 107 3092 ad
130 3054 221 3112 qnam
245 3038 274 3093 11
293 3034 467 3094 Aristotelis
490 3029 645 3096 Πολιτεία
668 3027 843 3109 Ἀθηναίων
866 3034 990 3096 inventa
1011 3055 1078 3112 per·

68 3123 146 3182 tinet
165 3126 196 3182 et
214 3122 351 3184 Herodao
374 3123 507 3183 carmina
524 3123 721 3201 Platonisque
739 3124 886 3184 librorum
908 3123 1080 3201 fragmenta

69 3212 145 3269 mira
177 3214 329 3273 vetustate
366 3211 497 3290 insignia
533 3213 651 3289 aliaque
683 3213 715 3271 in
746 3214 855 3292 vulgus
886 3230 965 3272 nunc
997 3219 1077 3275 nota

69 3299 152 3358 Inter
184 3319 261 3377 quae
294 3302 386 3360 etiam
408 3300 571 3377 Hyperidis
608 3301 685 3360 11111
721 3300 797 3362 duae
830 3302 980 3362 orationes
1010 3323 1079 3380 pro-

71 3388 202 3448 dierunt:
222 3390 274 3466 qui
288 3394 435 3468 qnantum
448 3394 569 3466 praeter
583 3394 697 3450 ceteros
717 3395 858 3469 oratores,
876 3391 1078 3454 Demosthene

71 3477 197 3538 fortasse
225 3483 360 3557 excepto,
384 3480 415 3538 in
438 3481 579 3560 Aegypto
606 3478 744 3540 lectitari
768 3480 885 3541 solitus
908 3481 976 3553 111,
991 3480 1105 3548 marga
