2392 3840
145 130 236 186 XXVI
550 126 754 183 PRAEFATIO

144 283 234 343 eulta.
281 280 380 351 Quare
412 281 437 340 si
469 280 548 340 eirea
579 279 712 357 Augusti
743 277 892 338 Tiberiive
923 279 1060 352 tempora
1092 275 1155 335 sive

143 372 245 449 paullo
263 374 334 446 post
353 390 388 429 ea
406 371 486 429 hune
504 369 615 429 librum
635 369 780 444 seriptum
802 386 866 426 esse
890 366 1072 442 putabimus,
1096 383 1155 424 non

144 461 232 520 nimis
259 461 348 536 longe
376 478 394 518 a
420 478 491 519 vero
519 459 733 517 aberrabimus.
778 457 901 516 Minime
931 458 1033 513 autem
1055 472 1156 513 neees-

145 550 258 610 sarium
285 553 331 608 est
358 568 427 609 eum
450 548 592 624 Kenyene
622 547 661 605 ad
684 547 847 606 seeundum
870 563 964 622 usque
988 563 1014 602 a.
1038 543 1106 603 Chr.
1130 564 1158 603 n.

145 639 298 698 saeeulum
321 638 448 714 regredi,
470 637 502 694 id
525 637 606 712 quod
628 657 665 696 ne
690 635 907 713 orthographia
929 634 1050 711 quidem
1069 632 1157 692 faeile

143 729 209 804 pati
231 725 364 804 videtur3
384 726 504 785 'aceedit
525 726 623 784 forma
644 725 766 784 litterae
791 723 830 801 N,
853 743 913 783 non
935 726 979 782 ite
1002 724 1091 802 longe
1115 722 1160 781 di-

145 821 227 876 stans
246 817 284 874 ab
306 816 360 873 illa
379 834 470 892 quam
490 814 522 872 in
539 815 567 872 A
591 815 759 873 exstantem
776 814 924 873 Hadriani
943 813 1005 871 fere
1026 814 1157 872 aetatem

143 906 275 964 indicare
293 904 398 979 paullo
418 922 510 979 supra
528 903 664 962 diximus.
702 903 810 978 Itaque
826 903 977 962 saeculum
992 903 1156 963 seeundum

144 1014 170 1053 a.
194 993 262 1053 Chr.
298 992 463 1052 Revillouti
487 992 633 1053 volumini
656 1010 851 1066 reservemus,
876 993 955 1067 quod
979 995 1040 1052 sine
1065 992 1156 1051 dubio

143 1082 277 1142 omnium
306 1082 549 1158 antiquissimum
581 1085 636 1140 est.
688 1080 765 1139 Sunt
796 1082 876 1139 enim
907 1082 939 1139 in
971 1085 1058 1160 tergo
1091 1086 1157 1144 eius

143 1171 256 1248 scripta
282 1172 428 1246 quaedam
456 1169 567 1246 privati
594 1169 725 1246 generiS,
754 1170 859 1246 lingua
886 1172 1065 1248 aegyptiaca
1088 1192 1157 1232 con·

143 1264 238 1335 cepta,
257 1278 333 1335 quae
347 1259 588 1327 Ptolemaeorum
607 1260 738 1316 aetatem
757 1259 867 1318 diserte
885 1259 1028 1333 indicant,
1047 1263 1156 1338 ipsius-

143 1369 199 1426 que
221 1348 384 1426 Hyperidis
403 1348 560 1426 scriptura,
580 1348 707 1406 maxime
726 1347 847 1424 quidem
866 1344 891 1407 Α
910 1349 1030 1409 litterae
1049 1352 1154 1429 forma,

143 1438 262 1516 egregie
281 1457 349 1497 oum
367 1439 423 1496 hae
442 1441 540 1497 aetate
558 1437 704 1498 convenit.
737 1437 778 1495 Ni
802 1442 900 1497 essent
923 1440 1156 1517 orthographica

142 1527 197 1585 ille
227 1529 349 1602 peecata
379 1546 455 1602 quae
487 1527 660 1602 retulimus,
693 1527 819 1586 tertium
852 1546 969 1605 quoque
1003 1531 1155 1589 saeculum

143 1617 236 1675 statui
259 1619 502 1692 posset3vernn1
525 1616 583 1676 etsi
606 1632 634 1675 ει
657 1635 711 1692 pro
734 1613 744 1674 ῐ
768 1617 829 1675 iam
852 1620 917 1674 tum
941 1619 1157 1693 aquibusdam

143 1705 233 1765 scribi
251 1711 391 1782 coeperat
397 1698 439 1786 *,)
463 1706 598 1766 confusio
617 1709 720 1764 tamon
739 1725 814 1782 quae
837 1706 869 1763 in
889 1698 928 1763 A2
948 1707 1024 1765 est
1016 1710 1095 1766 mter
1119 1725 1157 1768 ωι

143 1798 174 1854 et
198 1811 224 1852 ω
247 1796 336 1871 plane
360 1795 474 1853 abillo
498 1795 616 1853 saecule
641 1794 739 1852 aliena
760 1795 890 1853 videtur

58 1894 168 1989 Vt>Feles
285 1883 376 1956 §19.
413 1882 495 1952 Quae
528 1901 596 1941 eum
632 1882 677 1940 ita
710 1883 783 1959 sint,
821 1882 972 1957 antiquita
954 1886 1003 1941 ate
1036 1884 1157 1982 quidem

58 1948 132 2041 ol¹¹A
133 1959 340 2031 1111⁸librorum
363 1970 549 2045 manuscript
551 1989 637 2028 orum
657 1971 820 2045 plurimum
838 1969 977 2029 abestt
942 1974 977 2029 ut
996 1971 1157 2047 qnisquam

195 2079 232 2118 ex
255 2058 425 2118 oratoribus
453 2058 521 2117 aliis
553 2077 620 2116 enm
648 2058 801 2134 Hyperide
830 2061 945 2117 certare
974 2060 1083 2136 possit,
1123 2067 1156 2121 at

142 2148 284 2207 nimirum
315 2166 375 2205 non
409 2147 472 2206 sole
504 2166 542 2206 an
543 2147 670 2223 tiquitas
707 2146 792 2205 bonit
779 2150 873 2206 tatem
909 2147 1034 2208 fidemve
1072 2151 1154 2210 feeit.

144 2237 248 2296 Edidit
270 2235 307 2296 Η.
322 2235 451 2295 Weilius
474 2237 609 2313 amplum
630 2255 788 2313 papyrum,
812 2235 843 2294 in
867 2255 925 2312 quo
948 2241 1070 2313 praeter
1093 2240 1155 2298 alia

142 2328 300 2404 poetarum
324 2326 493 2403 fragmenta
516 2327 697 2402 opuseulave
721 2325 812 2384 etiam
833 2325 953 2385 Medeae
973 2327 1154 2402 Euripideee

144 2418 210 2475 oete
238 2432 342 2475 versus
370 2415 475 2491 scripti
501 2419 586 2474 sunt:
622 2433 773 2492 papyrum
806 2415 915 2474 seimus
948 2435 1060 2475 annum
1091 2421 1152 2478 161

144 2507 226 2564 ante
246 2503 314 2565 Chr.
332 2524 361 2563 n.
379 2506 530 2565 vetustate
555 2522 706 2580 superare,
730 2506 763 2562 at
780 2504 903 2564 Medeae
925 2524 962 2564 ne
985 2525 1064 2565 unus
1088 2509 1155 2582 qui-

143 2594 210 2652 dem
233 2612 347 2667 versuo,
372 2593 560 2669 quorundam
579 2612 720 2653 versuum
743 2612 781 2652 ne
803 2612 898 2652 unum
922 2595 1042 2670 quidem
1066 2616 1154 2655 voea-

144 2682 249 2742 bulum
268 2682 476 2758 incorruptum
495 2686 549 2742 est.
582 2682 624 2742 At
643 2682 732 2760 enim,
750 2682 876 2759 inquies,
895 2683 986 2742 istum
1005 2703 1155 2761 papyrum

142 2790 203 2830 non
231 2771 373 2831 librarius
404 2772 456 2848 qui
486 2772 606 2848 proprie
637 2771 780 2830 dicendus
810 2772 851 2831 sit
880 2773 1069 2849 conseripsit,
1103 2775 1155 2834 sed

143 2860 232 2937 pueri
254 2861 475 2920 exercitationis
498 2861 607 2938 gratia.
652 2860 688 2919 Id
711 2866 813 2920 autem
835 2861 935 2937 ipsum
953 2862 1015 2921 fere
1039 2863 1070 2921 in
1089 2863 1154 2940 Hy-

142 2949 255 3025 peridis
279 2968 397 3026 queque
420 2949 532 3008 librum
549 2941 592 3007 A³
610 2950 715 3008 eadere
739 2968 830 3026 supra
848 2951 1047 3025 exposuimus.
1094 2951 1154 3012 sed

141 3058 201 3098 uon
225 3039 306 3097 eadit
336 3039 471 3114 proferto
501 3039 533 3097 in
564 3039 697 3115 reliquos
729 3043 800 3098 tres.
846 3039 885 3098 Ei
917 3043 1018 3099 autem
1051 3060 1153 3100 omnes

142 3145 210 3186 eum
233 3127 294 3186 sint
317 3131 416 3186 aetate
439 3127 595 3187 inferiores
619 3127 783 3188 Platonicis
809 3128 871 3187 illis
895 3148 1021 3205 quorum
1042 3132 1153 3206 pretio-

213 3280 243 3360 *)
257 3279 290 3333 In
308 3279 419 3361 papyris
433 3276 482 3332 ΙΙΙἰ
501 3278 607 3332 saeculi
625 3278 789 3333 aMahaffio
810 3278 893 3334 editis
909 3279 1059 3350 (Flinders
1061 3279 1153 3335 Petrie

141 3349 260 3420 Pepyri,
278 3355 370 3419 magis
389 3349 476 3405 etiam
493 3350 562 3405 int.
582 3349 684 3420 altero,
703 3350 810 3404 Dublin
828 3353 909 3423 1893)
931 3351 977 3405 vel
1000 3353 1030 3405 ἑν
1049 3353 1154 3406 Πτολε-

142 3425 231 3489 μαιδει
254 3422 283 3475 et
306 3425 467 3502 βαειλεικην
481 3421 609 3503 quamvis
632 3438 695 3476 raro
718 3421 872 3491 invenitur,
897 3423 945 3476 sed
964 3440 973 3475 ι
992 3422 1066 3490 quod
1088 3441 1154 3478 mox

141 3492 285 3546 obmutuit
302 3509 392 3560 neque
412 3490 507 3547 omitti
525 3493 598 3549 solet
616 3494 762 3560 multoque
781 3493 872 3548 minus
892 3493 964 3547 falso
982 3493 1057 3562 poni.
