<?xml version="1.0" encoding="UTF-8"?>
<!DOCTYPE html PUBLIC "-//W3C//DTD XHTML 1.0 Transitional//EN"
    "http://www.w3.org/TR/xhtml1/DTD/xhtml1-transitional.dtd">
<html xmlns="http://www.w3.org/1999/xhtml" xml:lang="en" lang="en">
 <head>
  <title>
</title>
<meta http-equiv="Content-Type" content="text/html;charset=utf-8" />
  <meta name='ocr-system' content='tesseract 3.04.00' />
  <meta name='ocr-capabilities' content='ocr_page ocr_carea ocr_par ocr_line ocrx_word'/>
</head>
<body>
  <div class='ocr_page' id='page_1' title='image "./orationessexcum00hypegoog_0047.png"; bbox 0 0 2392 3840; ppageno 0'>
   <div class='ocr_carea' id='block_1_1' title="bbox 136 109 821 171">
    <p class='ocr_par' dir='ltr' id='par_1_1' title="bbox 136 109 821 171">
     <span class='ocr_line' id='line_1_1' title="bbox 136 109 821 171; baseline 0.007 -5"><span class='ocrx_word' id='word_1_1' title='bbox 136 111 211 166; x_wconf 83' lang='lat' dir='ltr'>XLII</span> <span class='ocrx_word' id='word_1_2' title='bbox 490 109 578 164; x_wconf 83' lang='lat' dir='ltr'><strong>VITA</strong></span> <span class='ocrx_word' id='word_1_3' title='bbox 597 109 793 165; x_wconf 82' lang='lat' dir='ltr'>HYPERIDIS</span> <span class='ocrx_word' id='word_1_4' title='bbox 818 166 821 171; x_wconf 88' lang='lat'><em>.</em></span> 
     </span>
    </p>
   </div>
   <div class='ocr_carea' id='block_1_2' title="bbox 81 256 1150 1766">
    <p class='ocr_par' dir='ltr' id='par_1_2' title="bbox 81 256 1150 1766">
     <span class='ocr_line' id='line_1_2' title="bbox 137 256 1150 338; baseline 0.001 -16"><span class='ocrx_word' id='word_1_5' title='bbox 137 259 314 338; x_wconf 85' lang='grc' dir='ltr'>φιςμένοις·</span> <span class='ocrx_word' id='word_1_6' title='bbox 342 257 393 322; x_wconf 85' lang='grc' dir='ltr'>καὶ</span> <span class='ocrx_word' id='word_1_7' title='bbox 417 256 585 336; x_wconf 88' lang='grc' dir='ltr'>ςυμβαλῶν</span> <span class='ocrx_word' id='word_1_8' title='bbox 609 256 807 335; x_wconf 88' lang='grc' dir='ltr'>Δημοςθένει</span> <span class='ocrx_word' id='word_1_9' title='bbox 831 256 882 321; x_wconf 89' lang='grc' dir='ltr'>καὶ</span> <span class='ocrx_word' id='word_1_10' title='bbox 905 257 978 336; x_wconf 88' lang='grc' dir='ltr'>περὶ</span> <span class='ocrx_word' id='word_1_11' title='bbox 1000 263 1057 336; x_wconf 86' lang='grc' dir='ltr'>τῆς</span> <span class='ocrx_word' id='word_1_12' title='bbox 1081 263 1150 323; x_wconf 92' lang='grc' dir='ltr'>δια-</span> 
     </span>
     <span class='ocr_line' id='line_1_3' title="bbox 137 343 1149 427; baseline 0.002 -16"><span class='ocrx_word' id='word_1_13' title='bbox 137 351 242 427; x_wconf 88' lang='grc' dir='ltr'>φορᾶς</span> <span class='ocrx_word' id='word_1_14' title='bbox 261 345 552 425; x_wconf 90' lang='grc' dir='ltr'>ἀπολογηςάμενος,</span> <span class='ocrx_word' id='word_1_15' title='bbox 577 343 773 423; x_wconf 87' lang='grc' dir='ltr'>ἀπαλλαγεὶς</span> <span class='ocrx_word' id='word_1_16' title='bbox 793 345 923 425; x_wconf 86' lang='grc' dir='ltr'>ἐκεῖθεν,</span> <span class='ocrx_word' id='word_1_17' title='bbox 943 343 1001 410; x_wconf 84' lang='grc' dir='ltr'>ὑπ’</span> <span class='ocrx_word' id='word_1_18' title='bbox 1022 345 1149 426; x_wconf 87' lang='grc' dir='ltr'>Ἀρχίου</span> 
     </span>
     <span class='ocr_line' id='line_1_4' title="bbox 135 435 1149 518; baseline 0.003 -19"><span class='ocrx_word' id='word_1_19' title='bbox 135 441 194 501; x_wconf 83' lang='grc' dir='ltr'>τοῦ</span> <span class='ocrx_word' id='word_1_20' title='bbox 218 437 450 515; x_wconf 83' lang='grc' dir='ltr'>Φυγαδοθήρου</span> <span class='ocrx_word' id='word_1_21' title='bbox 474 435 712 514; x_wconf 84' lang='grc' dir='ltr'>ἐπικληθέντος,</span> <span class='ocrx_word' id='word_1_22' title='bbox 737 435 877 512; x_wconf 87' lang='grc' dir='ltr'>Θουρίου</span> <span class='ocrx_word' id='word_1_23' title='bbox 901 437 958 513; x_wconf 84' lang='grc' dir='ltr'>μέν</span> <span class='ocrx_word' id='word_1_24' title='bbox 981 436 1019 500; x_wconf 91' lang='grc' dir='ltr'>τὸ</span> <span class='ocrx_word' id='word_1_25' title='bbox 1043 439 1149 518; x_wconf 91' lang='grc' dir='ltr'>γένος,</span> 
     </span>
     <span class='ocr_line' id='line_1_5' title="bbox 135 520 1149 608; baseline 0.001 -18"><span class='ocrx_word' id='word_1_26' title='bbox 135 525 308 603; x_wconf 82' lang='grc' dir='ltr'>ὑποκριτοῦ</span> <span class='ocrx_word' id='word_1_27' title='bbox 336 525 372 588; x_wconf 82' lang='grc' dir='ltr'>δὲ</span> <span class='ocrx_word' id='word_1_28' title='bbox 394 524 435 588; x_wconf 89' lang='grc' dir='ltr'>τὰ</span> <span class='ocrx_word' id='word_1_29' title='bbox 457 527 581 602; x_wconf 93' lang='grc' dir='ltr'>πρῶτα,</span> <span class='ocrx_word' id='word_1_30' title='bbox 610 522 684 587; x_wconf 93' lang='grc' dir='ltr'>τότε</span> <span class='ocrx_word' id='word_1_31' title='bbox 713 524 749 587; x_wconf 82' lang='grc' dir='ltr'>δὲ</span> <span class='ocrx_word' id='word_1_32' title='bbox 777 528 824 607; x_wconf 82' lang='grc' dir='ltr'>τῶ</span> <span class='ocrx_word' id='word_1_33' title='bbox 847 520 1044 608; x_wconf 85' lang='grc' dir='ltr'>Ἀντιπάτρῳ</span> <span class='ocrx_word' id='word_1_34' title='bbox 1075 531 1149 606; x_wconf 89' lang='grc' dir='ltr'>βοη-</span> 
     </span>
     <span class='ocr_line' id='line_1_6' title="bbox 135 611 1150 696; baseline 0.001 -17"><span class='ocrx_word' id='word_1_35' title='bbox 135 619 278 693; x_wconf 85' lang='grc' dir='ltr'>θοῦντος,</span> <span class='ocrx_word' id='word_1_36' title='bbox 302 614 427 692; x_wconf 82' lang='grc' dir='ltr'>ἐλήφθη</span> <span class='ocrx_word' id='word_1_37' title='bbox 451 613 531 691; x_wconf 89' lang='grc' dir='ltr'>πρὸς</span> <span class='ocrx_word' id='word_1_38' title='bbox 552 613 622 692; x_wconf 85' lang='grc' dir='ltr'>βίαν</span> <span class='ocrx_word' id='word_1_39' title='bbox 641 613 677 676; x_wconf 88' lang='grc' dir='ltr'>έν</span> <span class='ocrx_word' id='word_1_40' title='bbox 697 617 743 695; x_wconf 85' lang='grc' dir='ltr'>τῶ</span> <span class='ocrx_word' id='word_1_41' title='bbox 761 611 838 696; x_wconf 81' lang='grc' dir='ltr'>ἱερῷ</span> <span class='ocrx_word' id='word_1_42' title='bbox 856 617 915 677; x_wconf 84' lang='grc' dir='ltr'>τοῦ</span> <span class='ocrx_word' id='word_1_43' title='bbox 933 615 1150 695; x_wconf 91' lang='grc' dir='ltr'>Ποςειδῶνος,</span> 
     </span>
     <span class='ocr_line' id='line_1_7' title="bbox 135 699 1149 783; baseline 0.001 -15"><span class='ocrx_word' id='word_1_44' title='bbox 135 703 289 782; x_wconf 83' lang='grc' dir='ltr'>ἐχόμενος</span> <span class='ocrx_word' id='word_1_45' title='bbox 312 706 370 766; x_wconf 83' lang='grc' dir='ltr'>τοῦ</span> <span class='ocrx_word' id='word_1_46' title='bbox 394 699 589 780; x_wconf 90' lang='grc' dir='ltr'>ἀγάλματος·</span> <span class='ocrx_word' id='word_1_47' title='bbox 619 703 671 766; x_wconf 85' lang='grc' dir='ltr'>καὶ</span> <span class='ocrx_word' id='word_1_48' title='bbox 699 699 805 778; x_wconf 87' lang='grc' dir='ltr'>ἀχθεὶς</span> <span class='ocrx_word' id='word_1_49' title='bbox 834 703 914 780; x_wconf 89' lang='grc' dir='ltr'>πρὸς</span> <span class='ocrx_word' id='word_1_50' title='bbox 936 699 1149 783; x_wconf 91' lang='grc' dir='ltr'>Ἀντίπατρον</span> 
     </span>
     <span class='ocr_line' id='line_1_8' title="bbox 135 790 1148 870; baseline 0.001 -13"><span class='ocrx_word' id='word_1_51' title='bbox 135 792 180 857; x_wconf 91' lang='grc' dir='ltr'>εἰς</span> <span class='ocrx_word' id='word_1_52' title='bbox 204 792 367 870; x_wconf 90' lang='grc' dir='ltr'>Κόρινθον,</span> <span class='ocrx_word' id='word_1_53' title='bbox 391 790 502 855; x_wconf 88' lang='grc' dir='ltr'>ἔπειτα</span> <span class='ocrx_word' id='word_1_54' title='bbox 527 790 778 870; x_wconf 83' lang='grc' dir='ltr'>βαςανιῑόμενος,</span> <span class='ocrx_word' id='word_1_55' title='bbox 803 791 939 870; x_wconf 91' lang='grc' dir='ltr'>διέφαγε</span> <span class='ocrx_word' id='word_1_56' title='bbox 962 793 1020 870; x_wconf 89' lang='grc' dir='ltr'>τήν</span> <span class='ocrx_word' id='word_1_57' title='bbox 1044 797 1148 870; x_wconf 91' lang='grc' dir='ltr'>γλῶτ-</span> 
     </span>
     <span class='ocr_line' id='line_1_9' title="bbox 135 878 1148 961; baseline 0.001 -16"><span class='ocrx_word' id='word_1_58' title='bbox 135 902 209 960; x_wconf 93' lang='grc' dir='ltr'>ταν,</span> <span class='ocrx_word' id='word_1_59' title='bbox 238 881 318 945; x_wconf 87' lang='grc' dir='ltr'>ῶςτε</span> <span class='ocrx_word' id='word_1_60' title='bbox 347 881 446 959; x_wconf 81' lang='grc' dir='ltr'>μηδὲν</span> <span class='ocrx_word' id='word_1_61' title='bbox 469 880 607 945; x_wconf 80' lang='grc' dir='ltr'>ἐξειπεῖν</span> <span class='ocrx_word' id='word_1_62' title='bbox 629 883 695 943; x_wconf 92' lang='grc' dir='ltr'>τῶν</span> <span class='ocrx_word' id='word_1_63' title='bbox 718 884 775 959; x_wconf 89' lang='grc' dir='ltr'>τής</span> <span class='ocrx_word' id='word_1_64' title='bbox 798 878 926 944; x_wconf 89' lang='grc' dir='ltr'>πόλεως</span> <span class='ocrx_word' id='word_1_65' title='bbox 954 878 1148 961; x_wconf 88' lang='grc' dir='ltr'>ἀπορρήτων</span> 
     </span>
     <span class='ocr_line' id='line_1_10' title="bbox 135 967 1147 1055; baseline 0.001 -22"><span class='ocrx_word' id='word_1_66' title='bbox 135 974 322 1050; x_wconf 85' lang='grc' dir='ltr'>δυνηθῆναι·</span> <span class='ocrx_word' id='word_1_67' title='bbox 352 970 403 1032; x_wconf 87' lang='grc' dir='ltr'>καὶ</span> <span class='ocrx_word' id='word_1_68' title='bbox 426 967 530 1033; x_wconf 83' lang='grc' dir='ltr'>οὕτως</span> <span class='ocrx_word' id='word_1_69' title='bbox 554 969 751 1047; x_wconf 87' lang='grc' dir='ltr'>ἐτελεύτηςε,</span> <span class='ocrx_word' id='word_1_70' title='bbox 781 970 1018 1047; x_wconf 92' lang='grc' dir='ltr'>Πυανεψιῶνος</span> <span class='ocrx_word' id='word_1_71' title='bbox 1049 971 1147 1055; x_wconf 84' lang='grc' dir='ltr'>ἐνάτῃ</span> 
     </span>
     <span class='ocr_line' id='line_1_11' title="bbox 84 1057 1148 1140; baseline -0.002 -13"><span class='ocrx_word' id='word_1_72' title='bbox 84 1078 115 1127; x_wconf 77' lang='lat'>12</span> <span class='ocrx_word' id='word_1_73' title='bbox 134 1058 309 1138; x_wconf 81' lang='grc' dir='ltr'>ίςταμένου.</span> <span class='ocrx_word' id='word_1_74' title='bbox 355 1058 532 1137; x_wconf 84' lang='grc' dir='ltr'>Ἕρμιππος</span> <span class='ocrx_word' id='word_1_75' title='bbox 556 1060 592 1122; x_wconf 87' lang='grc' dir='ltr'>δέ</span> <span class='ocrx_word' id='word_1_76' title='bbox 612 1077 707 1136; x_wconf 90' lang='grc' dir='ltr'>φηςιν</span> <span class='ocrx_word' id='word_1_77' title='bbox 727 1057 825 1121; x_wconf 85' lang='grc' dir='ltr'>αὐτὸν</span> <span class='ocrx_word' id='word_1_78' title='bbox 844 1061 1148 1140; x_wconf 80' lang='grc' dir='ltr'>γλωττοτομηθῆναι</span> 
     </span>
     <span class='ocr_line' id='line_1_12' title="bbox 134 1145 1148 1228; baseline 0 -16"><span class='ocrx_word' id='word_1_79' title='bbox 134 1147 179 1212; x_wconf 85' lang='grc' dir='ltr'>εἰς</span> <span class='ocrx_word' id='word_1_80' title='bbox 198 1147 402 1212; x_wconf 83' lang='grc' dir='ltr'>Μακεδονίαν</span> <span class='ocrx_word' id='word_1_81' title='bbox 426 1146 572 1212; x_wconf 77' lang='grc' dir='ltr'>ἐλθόντα·</span> <span class='ocrx_word' id='word_1_82' title='bbox 586 1147 638 1210; x_wconf 88' lang='grc' dir='ltr'>καί</span> <span class='ocrx_word' id='word_1_83' title='bbox 660 1145 791 1226; x_wconf 81' lang='grc' dir='ltr'>ῥιφῆναι</span> <span class='ocrx_word' id='word_1_84' title='bbox 816 1145 952 1226; x_wconf 82' lang='grc' dir='ltr'>ἄταφον,</span> <span class='ocrx_word' id='word_1_85' title='bbox 972 1145 1148 1228; x_wconf 86' lang='grc' dir='ltr'>Ἀλφίνουν</span> 
     </span>
     <span class='ocr_line' id='line_1_13' title="bbox 134 1233 1148 1320; baseline 0.003 -21"><span class='ocrx_word' id='word_1_86' title='bbox 134 1237 182 1315; x_wconf 86' lang='grc' dir='ltr'>δὲ,</span> <span class='ocrx_word' id='word_1_87' title='bbox 211 1235 348 1315; x_wconf 87' lang='grc' dir='ltr'>ἀνεψιόν</span> <span class='ocrx_word' id='word_1_88' title='bbox 372 1235 451 1300; x_wconf 86' lang='grc' dir='ltr'>ὄντα</span> <span class='ocrx_word' id='word_1_89' title='bbox 483 1235 583 1320; x_wconf 85' lang='grc' dir='ltr'>αὐτῷ,</span> <span class='ocrx_word' id='word_1_90' title='bbox 612 1234 645 1317; x_wconf 86' lang='grc' dir='ltr'>[ἢ</span> <span class='ocrx_word' id='word_1_91' title='bbox 674 1233 718 1298; x_wconf 90' lang='grc' dir='ltr'>ὥς</span> <span class='ocrx_word' id='word_1_92' title='bbox 744 1255 828 1299; x_wconf 89' lang='grc' dir='ltr'>τινες</span> <span class='ocrx_word' id='word_1_93' title='bbox 858 1237 1059 1302; x_wconf 87' lang='grc' dir='ltr'>Γλαύκιππον</span> <span class='ocrx_word' id='word_1_94' title='bbox 1088 1241 1148 1302; x_wconf 89' lang='grc' dir='ltr'>τὸν</span> 
     </span>
     <span class='ocr_line' id='line_1_14' title="bbox 134 1323 1147 1408; baseline 0.002 -19"><span class='ocrx_word' id='word_1_95' title='bbox 134 1325 218 1408; x_wconf 84' lang='grc' dir='ltr'>υἱόν]</span> <span class='ocrx_word' id='word_1_96' title='bbox 250 1327 302 1390; x_wconf 92' lang='grc' dir='ltr'>διὰ</span> <span class='ocrx_word' id='word_1_97' title='bbox 330 1325 542 1391; x_wconf 86' lang='grc' dir='ltr'>Φιλοπείθους</span> <span class='ocrx_word' id='word_1_98' title='bbox 569 1325 656 1388; x_wconf 89' lang='grc' dir='ltr'>τινός</span> <span class='ocrx_word' id='word_1_99' title='bbox 686 1323 797 1402; x_wconf 81' lang='grc' dir='ltr'>ἰατροῦ</span> <span class='ocrx_word' id='word_1_100' title='bbox 828 1324 969 1404; x_wconf 89' lang='grc' dir='ltr'>λαβόντα</span> <span class='ocrx_word' id='word_1_101' title='bbox 1000 1326 1147 1392; x_wconf 89' lang='grc' dir='ltr'>ἐξουςίαν</span> 
     </span>
     <span class='ocr_line' id='line_1_15' title="bbox 133 1412 1147 1494; baseline 0.002 -16"><span class='ocrx_word' id='word_1_102' title='bbox 133 1418 191 1479; x_wconf 84' lang='grc' dir='ltr'>τοῦ</span> <span class='ocrx_word' id='word_1_103' title='bbox 223 1416 367 1494; x_wconf 91' lang='grc' dir='ltr'>ςώματος</span> <span class='ocrx_word' id='word_1_104' title='bbox 397 1419 506 1479; x_wconf 85' lang='grc' dir='ltr'>καθςαι</span> <span class='ocrx_word' id='word_1_105' title='bbox 538 1412 650 1492; x_wconf 87' lang='grc' dir='ltr'>αὐτόν,</span> <span class='ocrx_word' id='word_1_106' title='bbox 683 1414 734 1477; x_wconf 87' lang='grc' dir='ltr'>καὶ</span> <span class='ocrx_word' id='word_1_107' title='bbox 766 1413 806 1477; x_wconf 88' lang='grc' dir='ltr'>τὰ</span> <span class='ocrx_word' id='word_1_108' title='bbox 838 1412 915 1477; x_wconf 90' lang='grc' dir='ltr'>όςτᾶ</span> <span class='ocrx_word' id='word_1_109' title='bbox 947 1415 1070 1493; x_wconf 90' lang='grc' dir='ltr'>κομίςαι</span> <span class='ocrx_word' id='word_1_110' title='bbox 1101 1417 1147 1480; x_wconf 89' lang='grc' dir='ltr'>εἰς</span> 
     </span>
     <span class='ocr_line' id='line_1_16' title="bbox 133 1499 1146 1584; baseline 0.002 -17"><span class='ocrx_word' id='word_1_111' title='bbox 133 1500 266 1584; x_wconf 92' lang='grc' dir='ltr'>Ἀθήνας</span> <span class='ocrx_word' id='word_1_112' title='bbox 289 1508 357 1568; x_wconf 84' lang='grc' dir='ltr'>τοῖς</span> <span class='ocrx_word' id='word_1_113' title='bbox 380 1505 579 1583; x_wconf 90' lang='grc' dir='ltr'>προςήκουςι,</span> <span class='ocrx_word' id='word_1_114' title='bbox 603 1502 691 1580; x_wconf 88' lang='grc' dir='ltr'>παρὰ</span> <span class='ocrx_word' id='word_1_115' title='bbox 713 1502 754 1565; x_wconf 94' lang='grc' dir='ltr'>τὰ</span> <span class='ocrx_word' id='word_1_116' title='bbox 772 1499 947 1581; x_wconf 94' lang='grc' dir='ltr'>Ἀθηναίων</span> <span class='ocrx_word' id='word_1_117' title='bbox 966 1505 1018 1567; x_wconf 88' lang='grc' dir='ltr'>καὶ</span> <span class='ocrx_word' id='word_1_118' title='bbox 1038 1506 1146 1569; x_wconf 88' lang='grc' dir='ltr'>Μακε-</span> 
     </span>
     <span class='ocr_line' id='line_1_17' title="bbox 133 1591 1146 1673; baseline -0.001 -14"><span class='ocrx_word' id='word_1_119' title='bbox 133 1592 240 1659; x_wconf 88' lang='grc' dir='ltr'>δόνων</span> <span class='ocrx_word' id='word_1_120' title='bbox 264 1592 421 1672; x_wconf 81' lang='grc' dir='ltr'>δόγματα·</span> <span class='ocrx_word' id='word_1_121' title='bbox 445 1592 485 1657; x_wconf 89' lang='grc' dir='ltr'>οὐ</span> <span class='ocrx_word' id='word_1_122' title='bbox 508 1591 609 1671; x_wconf 92' lang='grc' dir='ltr'>μόνον</span> <span class='ocrx_word' id='word_1_123' title='bbox 632 1592 693 1669; x_wconf 87' lang='grc' dir='ltr'>γὰρ</span> <span class='ocrx_word' id='word_1_124' title='bbox 718 1595 861 1656; x_wconf 88' lang='grc' dir='ltr'>κελεῦςαι</span> <span class='ocrx_word' id='word_1_125' title='bbox 882 1592 998 1656; x_wconf 89' lang='grc' dir='ltr'>αὐτοὺς</span> <span class='ocrx_word' id='word_1_126' title='bbox 1018 1599 1146 1673; x_wconf 83' lang='grc' dir='ltr'>φυγεῖν,</span> 
     </span>
     <span class='ocr_line' id='line_1_18' title="bbox 81 1678 1146 1766; baseline -0.002 -16"><span class='ocrx_word' id='word_1_127' title='bbox 81 1701 112 1750; x_wconf 88' lang='grc'>13</span> <span class='ocrx_word' id='word_1_128' title='bbox 132 1680 215 1747; x_wconf 87' lang='grc' dir='ltr'>ἀλλὰ</span> <span class='ocrx_word' id='word_1_129' title='bbox 243 1680 323 1763; x_wconf 49' lang='grc' dir='ltr'>μηδ’Ἰ</span> <span class='ocrx_word' id='word_1_130' title='bbox 341 1682 377 1746; x_wconf 81' lang='grc' dir='ltr'>ἐν</span> <span class='ocrx_word' id='word_1_131' title='bbox 404 1688 442 1766; x_wconf 83' lang='grc' dir='ltr'>τῇ</span> <span class='ocrx_word' id='word_1_132' title='bbox 474 1681 573 1764; x_wconf 84' lang='grc' dir='ltr'>οἰκείᾳ</span> <span class='ocrx_word' id='word_1_133' title='bbox 604 1685 754 1760; x_wconf 85' lang='grc' dir='ltr'>ταφῆναι.</span> <span class='ocrx_word' id='word_1_134' title='bbox 801 1679 832 1744; x_wconf 89' lang='grc' dir='ltr'>οἱ</span> <span class='ocrx_word' id='word_1_135' title='bbox 860 1678 891 1743; x_wconf 76' lang='grc' dir='ltr'>δ’</span> <span class='ocrx_word' id='word_1_136' title='bbox 917 1681 953 1745; x_wconf 81' lang='grc' dir='ltr'>ἐν</span> <span class='ocrx_word' id='word_1_137' title='bbox 983 1684 1146 1748; x_wconf 85' lang='grc' dir='ltr'>Κλεωναῖς</span> 
     </span>
    </p>
   </div>
   <div class='ocr_carea' id='block_1_3' title="bbox 125 1909 1145 3547">
    <p class='ocr_par' dir='ltr' id='par_1_3' title="bbox 125 1909 1145 3547">
     <span class='ocr_line' id='line_1_19' title="bbox 131 1909 1145 1976; baseline 0 -12"><span class='ocrx_word' id='word_1_138' title='bbox 131 1926 226 1964; x_wconf 90' lang='grc' dir='ltr'>ςαντες</span> <span class='ocrx_word' id='word_1_139' title='bbox 250 1911 404 1976; x_wconf 83' lang='grc' dir='ltr'>ὑπεξῆλθον</span> <span class='ocrx_word' id='word_1_140' title='bbox 430 1910 460 1962; x_wconf 83' lang='grc' dir='ltr'>ἐκ</span> <span class='ocrx_word' id='word_1_141' title='bbox 484 1913 535 1975; x_wconf 82' lang='grc' dir='ltr'>τῆς</span> <span class='ocrx_word' id='word_1_142' title='bbox 557 1909 677 1967; x_wconf 84' lang='grc' dir='ltr'>πόλεως.</span> <span class='ocrx_word' id='word_1_143' title='bbox 702 1909 717 1961; x_wconf 90' lang='grc' dir='ltr'>ό</span> <span class='ocrx_word' id='word_1_144' title='bbox 741 1909 772 1962; x_wconf 88' lang='grc' dir='ltr'>δέ</span> <span class='ocrx_word' id='word_1_145' title='bbox 796 1910 882 1974; x_wconf 84' lang='grc' dir='ltr'>δῆμος</span> <span class='ocrx_word' id='word_1_146' title='bbox 905 1910 1000 1962; x_wconf 85' lang='grc' dir='ltr'>αὐτῶν</span> <span class='ocrx_word' id='word_1_147' title='bbox 1021 1911 1145 1966; x_wconf 89' lang='grc' dir='ltr'>θάνατον</span> 
     </span>
     <span class='ocr_line' id='line_1_20' title="bbox 131 1977 1144 2064; baseline 0.001 -30"><span class='ocrx_word' id='word_1_148' title='bbox 131 1982 266 2048; x_wconf 88' lang='grc' dir='ltr'>κατέγνω,</span> <span class='ocrx_word' id='word_1_149' title='bbox 286 1981 422 2059; x_wconf 76' lang='grc' dir='ltr'>Δημάδου</span> <span class='ocrx_word' id='word_1_150' title='bbox 441 1981 611 2046; x_wconf 89' lang='grc' dir='ltr'>γράψαντος.</span> <span class='ocrx_word' id='word_1_151' title='bbox 644 1977 716 2032; x_wconf 80' lang='lat' dir='ltr'>adde</span> <span class='ocrx_word' id='word_1_152' title='bbox 736 1977 843 2032; x_wconf 83' lang='lat' dir='ltr'>Arrian.</span> <span class='ocrx_word' id='word_1_153' title='bbox 863 1995 908 2049; x_wconf 77' lang='lat' dir='ltr'>ap.</span> <span class='ocrx_word' id='word_1_154' title='bbox 923 1978 1004 2033; x_wconf 75' lang='lat' dir='ltr'>Phoi.</span> <span class='ocrx_word' id='word_1_155' title='bbox 1019 1980 1094 2064; x_wconf 73' lang='grc' dir='ltr'>Βίδί.</span> <span class='ocrx_word' id='word_1_156' title='bbox 1110 1987 1144 2035; x_wconf 75' lang='lat'>92</span> 
     </span>
     <span class='ocr_line' id='line_1_21' title="bbox 129 2047 1144 2202; baseline 0.005 -28"><span class='ocrx_word' id='word_1_157' title='bbox 129 2047 1144 2202; x_wconf 43' lang='lat' dir='ltr'>ed?deiftddzzdfidz&amp;diddffdddiddfsdssddd</span> 
     </span>
     <span class='ocr_line' id='line_1_22' title="bbox 130 2190 1143 2261; baseline 0.005 -16"><span class='ocrx_word' id='word_1_158' title='bbox 130 2194 193 2261; x_wconf 82' lang='lat'>266)</span> <span class='ocrx_word' id='word_1_159' title='bbox 213 2191 318 2245; x_wconf 81' lang='lat' dir='ltr'>addidi.</span> <span class='ocrx_word' id='word_1_160' title='bbox 338 2222 372 2232; x_wconf 94' lang='lat'>-</span> <span class='ocrx_word' id='word_1_161' title='bbox 391 2190 517 2260; x_wconf 80' lang='lat' dir='ltr'>Aeginae</span> <span class='ocrx_word' id='word_1_162' title='bbox 540 2190 571 2244; x_wconf 89' lang='lat' dir='ltr'>in</span> <span class='ocrx_word' id='word_1_163' title='bbox 594 2191 702 2246; x_wconf 79' lang='lat' dir='ltr'>Aeaeeo</span> <span class='ocrx_word' id='word_1_164' title='bbox 725 2192 771 2245; x_wconf 84' lang='lat' dir='ltr'>vel</span> <span class='ocrx_word' id='word_1_165' title='bbox 794 2194 962 2247; x_wconf 81' lang='lat' dir='ltr'>Herm1onee</span> <span class='ocrx_word' id='word_1_166' title='bbox 986 2191 1016 2246; x_wconf 88' lang='lat' dir='ltr'>in</span> <span class='ocrx_word' id='word_1_167' title='bbox 1037 2193 1143 2250; x_wconf 79' lang='lat' dir='ltr'>Cereris</span> 
     </span>
     <span class='ocr_line' id='line_1_23' title="bbox 129 2261 1143 2332; baseline 0.006 -16"><span class='ocrx_word' id='word_1_168' title='bbox 129 2264 236 2332; x_wconf 83' lang='lat' dir='ltr'>templo</span> <span class='ocrx_word' id='word_1_169' title='bbox 246 2262 418 2332; x_wconf 83' lang='lat' dir='ltr'>Hyperidem</span> <span class='ocrx_word' id='word_1_170' title='bbox 427 2263 659 2332; x_wconf 77' lang='lat' dir='ltr'>comprehensum</span> <span class='ocrx_word' id='word_1_171' title='bbox 668 2279 728 2317; x_wconf 82' lang='lat' dir='ltr'>esse</span> <span class='ocrx_word' id='word_1_172' title='bbox 739 2261 789 2316; x_wconf 79' lang='lat' dir='ltr'>elii</span> <span class='ocrx_word' id='word_1_173' title='bbox 800 2263 930 2332; x_wconf 73' lang='lat' dir='ltr'>tradunt3</span> <span class='ocrx_word' id='word_1_174' title='bbox 947 2264 1143 2322; x_wconf 75' lang='lat' dir='ltr'><strong>Demosthenis</strong></span> 
     </span>
     <span class='ocr_line' id='line_1_24' title="bbox 129 2333 1144 2394; baseline 0.008 -8"><span class='ocrx_word' id='word_1_175' title='bbox 129 2351 173 2387; x_wconf 83' lang='lat' dir='ltr'>res</span> <span class='ocrx_word' id='word_1_176' title='bbox 196 2333 319 2389; x_wconf 71' lang='lat' dir='ltr'>vitarum</span> <span class='ocrx_word' id='word_1_177' title='bbox 341 2339 439 2388; x_wconf 77' lang='lat' dir='ltr'><strong>auctor</strong></span> <span class='ocrx_word' id='word_1_178' title='bbox 462 2333 616 2389; x_wconf 73' lang='lat' dir='ltr'>admiscere</span> <span class='ocrx_word' id='word_1_179' title='bbox 639 2333 758 2390; x_wconf 77' lang='lat' dir='ltr'>videtur.</span> <span class='ocrx_word' id='word_1_180' title='bbox 796 2334 871 2389; x_wconf 77' lang='lat' dir='ltr'><strong>Plut.</strong></span> <span class='ocrx_word' id='word_1_181' title='bbox 890 2335 968 2390; x_wconf 88' lang='lat' dir='ltr'>Dem.</span> <span class='ocrx_word' id='word_1_182' title='bbox 988 2343 1035 2391; x_wconf 80' lang='lat'>28:</span> <span class='ocrx_word' id='word_1_183' title='bbox 1060 2339 1144 2394; x_wconf 81' lang='grc' dir='ltr'>οὗτος</span> 
     </span>
     <span class='ocr_line' id='line_1_25' title="bbox 129 2406 1142 2477; baseline 0.005 -17"><span class='ocrx_word' id='word_1_184' title='bbox 129 2407 180 2471; x_wconf 80' lang='grc' dir='ltr'>οὖν</span> <span class='ocrx_word' id='word_1_185' title='bbox 204 2408 219 2460; x_wconf 90' lang='grc' dir='ltr'>δ</span> <span class='ocrx_word' id='word_1_186' title='bbox 240 2406 348 2474; x_wconf 89' lang='grc' dir='ltr'>Ἀρχίας</span> <span class='ocrx_word' id='word_1_187' title='bbox 367 2407 428 2461; x_wconf 89' lang='grc' dir='ltr'>Ὑπ.</span> <span class='ocrx_word' id='word_1_188' title='bbox 451 2408 501 2472; x_wconf 88' lang='grc' dir='ltr'>μέν</span> <span class='ocrx_word' id='word_1_189' title='bbox 521 2437 553 2446; x_wconf 96' lang='grc'>-</span> <span class='ocrx_word' id='word_1_190' title='bbox 573 2410 618 2460; x_wconf 84' lang='grc' dir='ltr'>καὶ</span> <span class='ocrx_word' id='word_1_191' title='bbox 638 2407 821 2473; x_wconf 91' lang='grc' dir='ltr'>Ἀριςτόνικον</span> <span class='ocrx_word' id='word_1_192' title='bbox 840 2437 874 2446; x_wconf 94' lang='grc'><strong>-</strong></span> <span class='ocrx_word' id='word_1_193' title='bbox 893 2410 938 2461; x_wconf 84' lang='grc' dir='ltr'>καὶ</span> <span class='ocrx_word' id='word_1_194' title='bbox 956 2437 991 2446; x_wconf 94' lang='grc'><strong>-</strong></span> <span class='ocrx_word' id='word_1_195' title='bbox 1011 2410 1142 2477; x_wconf 82' lang='grc' dir='ltr'>Ἱμεραῖον</span> 
     </span>
     <span class='ocr_line' id='line_1_26' title="bbox 129 2477 1143 2547; baseline 0.006 -17"><span class='ocrx_word' id='word_1_196' title='bbox 129 2479 159 2530; x_wconf 82' lang='grc' dir='ltr'>ἐν</span> <span class='ocrx_word' id='word_1_197' title='bbox 173 2477 268 2546; x_wconf 89' lang='grc' dir='ltr'>Αἰγίνη</span> <span class='ocrx_word' id='word_1_198' title='bbox 289 2479 504 2545; x_wconf 87' lang='grc' dir='ltr'>καταφυγόντας</span> <span class='ocrx_word' id='word_1_199' title='bbox 522 2479 566 2533; x_wconf 83' lang='grc' dir='ltr'>ἐπὶ</span> <span class='ocrx_word' id='word_1_200' title='bbox 584 2480 618 2532; x_wconf 88' lang='grc' dir='ltr'>τὸ</span> <span class='ocrx_word' id='word_1_201' title='bbox 632 2477 758 2532; x_wconf 88' lang='grc' dir='ltr'>Αἰάκειον</span> <span class='ocrx_word' id='word_1_202' title='bbox 778 2479 942 2545; x_wconf 89' lang='grc' dir='ltr'>ἀποςπάςας,</span> <span class='ocrx_word' id='word_1_203' title='bbox 962 2480 1085 2547; x_wconf 87' lang='grc' dir='ltr'>ἔπεμψεν</span> <span class='ocrx_word' id='word_1_204' title='bbox 1105 2483 1143 2536; x_wconf 87' lang='grc' dir='ltr'>είς</span> 
     </span>
     <span class='ocr_line' id='line_1_27' title="bbox 130 2550 1144 2618; baseline 0.006 -16"><span class='ocrx_word' id='word_1_205' title='bbox 130 2550 255 2603; x_wconf 89' lang='grc' dir='ltr'>Κλεωνὰς</span> <span class='ocrx_word' id='word_1_206' title='bbox 276 2550 346 2616; x_wconf 92' lang='grc' dir='ltr'>πρός</span> <span class='ocrx_word' id='word_1_207' title='bbox 369 2550 564 2616; x_wconf 87' lang='grc' dir='ltr'>Ἀντίπατρον·</span> <span class='ocrx_word' id='word_1_208' title='bbox 590 2551 666 2603; x_wconf 80' lang='grc' dir='ltr'>κάκεῖ</span> <span class='ocrx_word' id='word_1_209' title='bbox 692 2551 886 2617; x_wconf 90' lang='grc' dir='ltr'>διεφθάρηςαν.</span> <span class='ocrx_word' id='word_1_210' title='bbox 925 2551 1087 2618; x_wconf 89' lang='grc' dir='ltr'>Ὑπερείδου</span> <span class='ocrx_word' id='word_1_211' title='bbox 1112 2555 1144 2608; x_wconf 88' lang='grc' dir='ltr'>δέ</span> 
     </span>
     <span class='ocr_line' id='line_1_28' title="bbox 128 2619 1142 2693; baseline 0.004 -20"><span class='ocrx_word' id='word_1_212' title='bbox 128 2623 173 2673; x_wconf 82' lang='grc' dir='ltr'>καὶ</span> <span class='ocrx_word' id='word_1_213' title='bbox 191 2624 244 2687; x_wconf 88' lang='grc' dir='ltr'>τήν</span> <span class='ocrx_word' id='word_1_214' title='bbox 262 2624 391 2685; x_wconf 91' lang='grc' dir='ltr'>γλῶτταν</span> <span class='ocrx_word' id='word_1_215' title='bbox 410 2622 579 2688; x_wconf 84' lang='grc' dir='ltr'>ἐκτμηθῆναι</span> <span class='ocrx_word' id='word_1_216' title='bbox 602 2625 708 2676; x_wconf 86' lang='grc' dir='ltr'>Ζῶντος</span> <span class='ocrx_word' id='word_1_217' title='bbox 726 2621 790 2688; x_wconf 86' lang='lat' dir='ltr'>(hoe</span> <span class='ocrx_word' id='word_1_218' title='bbox 809 2619 873 2674; x_wconf 79' lang='lat' dir='ltr'>edd.</span> <span class='ocrx_word' id='word_1_219' title='bbox 893 2620 954 2675; x_wconf 84' lang='lat' dir='ltr'>eod.</span> <span class='ocrx_word' id='word_1_220' title='bbox 969 2621 996 2675; x_wconf 88' lang='lat' dir='ltr'>N</span> <span class='ocrx_word' id='word_1_221' title='bbox 1016 2621 1142 2693; x_wconf 83' lang='lat' dir='ltr'>Grauxii)</span> 
     </span>
     <span class='ocr_line' id='line_1_29' title="bbox 127 2690 1142 2760; baseline 0.006 -16"><span class='ocrx_word' id='word_1_222' title='bbox 127 2692 243 2756; x_wconf 90' lang='grc' dir='ltr'>λέγουςι.</span> <span class='ocrx_word' id='word_1_223' title='bbox 271 2690 306 2746; x_wconf 85' lang='lat' dir='ltr'>cf.</span> <span class='ocrx_word' id='word_1_224' title='bbox 322 2691 406 2746; x_wconf 89' lang='lat' dir='ltr'>Phoe.</span> <span class='ocrx_word' id='word_1_225' title='bbox 421 2697 466 2746; x_wconf 78' lang='lat'>29:</span> <span class='ocrx_word' id='word_1_226' title='bbox 493 2694 561 2746; x_wconf 90' lang='grc' dir='ltr'>δ-</span> <span class='ocrx_word' id='word_1_227' title='bbox 581 2692 742 2759; x_wconf 88' lang='grc' dir='ltr'>Ὑπερείδου</span> <span class='ocrx_word' id='word_1_228' title='bbox 765 2693 835 2760; x_wconf 88' lang='grc' dir='ltr'>πρὸς</span> <span class='ocrx_word' id='word_1_229' title='bbox 854 2694 989 2748; x_wconf 78' lang='grc' dir='ltr'>Κλεωναῖς</span> <span class='ocrx_word' id='word_1_230' title='bbox 1011 2696 1142 2750; x_wconf 91' lang='grc' dir='ltr'>θάνατος.</span> 
     </span>
     <span class='ocr_line' id='line_1_30' title="bbox 128 2761 1142 2833; baseline 0.005 -18"><span class='ocrx_word' id='word_1_231' title='bbox 128 2761 206 2816; x_wconf 84' lang='lat' dir='ltr'>Suid.</span> <span class='ocrx_word' id='word_1_232' title='bbox 222 2763 281 2817; x_wconf 91' lang='grc' dir='ltr'>Ὑπ.</span> <span class='ocrx_word' id='word_1_233' title='bbox 299 2769 327 2816; x_wconf 88' lang='lat' dir='ltr'>l:</span> <span class='ocrx_word' id='word_1_234' title='bbox 352 2765 473 2832; x_wconf 85' lang='grc' dir='ltr'>ἀνῃρέθη</span> <span class='ocrx_word' id='word_1_235' title='bbox 494 2764 525 2817; x_wconf 85' lang='grc' dir='ltr'>δὲ</span> <span class='ocrx_word' id='word_1_236' title='bbox 548 2766 593 2816; x_wconf 84' lang='grc' dir='ltr'>καὶ</span> <span class='ocrx_word' id='word_1_237' title='bbox 612 2764 697 2817; x_wconf 83' lang='grc' dir='ltr'>αὐτὸς</span> <span class='ocrx_word' id='word_1_238' title='bbox 718 2765 773 2817; x_wconf 84' lang='grc' dir='ltr'>ὑπὸ</span> <span class='ocrx_word' id='word_1_239' title='bbox 794 2764 976 2831; x_wconf 86' lang='grc' dir='ltr'>Ἀντιπάτρου</span> <span class='ocrx_word' id='word_1_240' title='bbox 999 2771 1052 2819; x_wconf 77' lang='grc' dir='ltr'>τοῦ</span> <span class='ocrx_word' id='word_1_241' title='bbox 1072 2771 1142 2833; x_wconf 88' lang='grc' dir='ltr'>βαςι-</span> 
     </span>
     <span class='ocr_line' id='line_1_31' title="bbox 128 2834 1141 2906; baseline 0.004 -18"><span class='ocrx_word' id='word_1_242' title='bbox 128 2834 209 2900; x_wconf 89' lang='grc' dir='ltr'>λέως,</span> <span class='ocrx_word' id='word_1_243' title='bbox 234 2835 419 2898; x_wconf 83' lang='grc' dir='ltr'>ἐξαγαγόντος</span> <span class='ocrx_word' id='word_1_244' title='bbox 442 2835 529 2889; x_wconf 84' lang='grc' dir='ltr'>αὐτὸν</span> <span class='ocrx_word' id='word_1_245' title='bbox 551 2840 602 2888; x_wconf 87' lang='grc' dir='ltr'>τοθ</span> <span class='ocrx_word' id='word_1_246' title='bbox 627 2836 657 2888; x_wconf 83' lang='grc' dir='ltr'>ἐν</span> <span class='ocrx_word' id='word_1_247' title='bbox 677 2835 802 2904; x_wconf 86' lang='grc' dir='ltr'>Ἑρμιόνη</span> <span class='ocrx_word' id='word_1_248' title='bbox 822 2840 892 2888; x_wconf 80' lang='grc' dir='ltr'>ναοῦ</span> <span class='ocrx_word' id='word_1_249' title='bbox 910 2840 961 2902; x_wconf 88' lang='grc' dir='ltr'>τῆς</span> <span class='ocrx_word' id='word_1_250' title='bbox 980 2838 1141 2906; x_wconf 90' lang='grc' dir='ltr'>Δήμητρος,</span> 
     </span>
     <span class='ocr_line' id='line_1_32' title="bbox 128 2905 1141 2975; baseline 0.002 -17"><span class='ocrx_word' id='word_1_251' title='bbox 128 2907 168 2959; x_wconf 85' lang='grc' dir='ltr'>δι’</span> <span class='ocrx_word' id='word_1_252' title='bbox 188 2905 297 2973; x_wconf 89' lang='grc' dir='ltr'>Ἀρχίου</span> <span class='ocrx_word' id='word_1_253' title='bbox 320 2911 371 2959; x_wconf 87' lang='grc' dir='ltr'>τοθ</span> <span class='ocrx_word' id='word_1_254' title='bbox 395 2905 590 2972; x_wconf 82' lang='grc' dir='ltr'>ἐπικληθέντος</span> <span class='ocrx_word' id='word_1_255' title='bbox 608 2907 811 2974; x_wconf 87' lang='grc' dir='ltr'>Φυγαδοθήρα,</span> <span class='ocrx_word' id='word_1_256' title='bbox 835 2909 879 2960; x_wconf 84' lang='grc' dir='ltr'>καὶ</span> <span class='ocrx_word' id='word_1_257' title='bbox 897 2908 1068 2974; x_wconf 84' lang='grc' dir='ltr'>ἀποτμηθείς</span> <span class='ocrx_word' id='word_1_258' title='bbox 1087 2913 1141 2975; x_wconf 89' lang='grc' dir='ltr'>τὴν</span> 
     </span>
     <span class='ocr_line' id='line_1_33' title="bbox 126 2977 1141 3047; baseline 0.003 -16"><span class='ocrx_word' id='word_1_259' title='bbox 126 2981 254 3041; x_wconf 92' lang='grc' dir='ltr'>γλῶτταν</span> <span class='ocrx_word' id='word_1_260' title='bbox 274 2977 419 3031; x_wconf 88' lang='grc' dir='ltr'>ἀπέθανεν.</span> <span class='ocrx_word' id='word_1_261' title='bbox 452 2978 467 3030; x_wconf 90' lang='grc' dir='ltr'>δ</span> <span class='ocrx_word' id='word_1_262' title='bbox 487 2978 517 3031; x_wconf 87' lang='grc' dir='ltr'>δέ</span> <span class='ocrx_word' id='word_1_263' title='bbox 536 2977 595 3031; x_wconf 89' lang='grc' dir='ltr'>υίός</span> <span class='ocrx_word' id='word_1_264' title='bbox 613 2978 700 3031; x_wconf 80' lang='grc' dir='ltr'>αὐτοϋ</span> <span class='ocrx_word' id='word_1_265' title='bbox 721 2979 890 3032; x_wconf 88' lang='grc' dir='ltr'>Γλαύκιππος</span> <span class='ocrx_word' id='word_1_266' title='bbox 907 2979 943 3031; x_wconf 87' lang='grc' dir='ltr'>τὰ</span> <span class='ocrx_word' id='word_1_267' title='bbox 962 2979 1029 3032; x_wconf 83' lang='grc' dir='ltr'>όςτᾶ</span> <span class='ocrx_word' id='word_1_268' title='bbox 1047 2983 1141 3047; x_wconf 86' lang='grc' dir='ltr'>λαβὼν</span> 
     </span>
     <span class='ocr_line' id='line_1_34' title="bbox 127 3046 1140 3118; baseline 0.004 -16"><span class='ocrx_word' id='word_1_269' title='bbox 127 3048 165 3103; x_wconf 82' lang='grc' dir='ltr'>εἰς</span> <span class='ocrx_word' id='word_1_270' title='bbox 182 3050 216 3102; x_wconf 89' lang='grc' dir='ltr'>τὸ</span> <span class='ocrx_word' id='word_1_271' title='bbox 234 3055 367 3118; x_wconf 82' lang='grc' dir='ltr'>πατρῷον</span> <span class='ocrx_word' id='word_1_272' title='bbox 381 3050 469 3114; x_wconf 88' lang='grc' dir='ltr'>έθαψε</span> <span class='ocrx_word' id='word_1_273' title='bbox 488 3052 590 3114; x_wconf 86' lang='grc' dir='ltr'>μνῆμα.</span> <span class='ocrx_word' id='word_1_274' title='bbox 618 3046 757 3116; x_wconf 81' lang='lat' dir='ltr'><strong>Linguam</strong></span> <span class='ocrx_word' id='word_1_275' title='bbox 770 3047 908 3117; x_wconf 79' lang='lat' dir='ltr'>Hyperidi</span> <span class='ocrx_word' id='word_1_276' title='bbox 923 3051 1065 3103; x_wconf 72' lang='lat' dir='ltr'>exsectam</span> <span class='ocrx_word' id='word_1_277' title='bbox 1080 3067 1140 3106; x_wconf 81' lang='lat' dir='ltr'>esse</span> 
     </span>
     <span class='ocr_line' id='line_1_35' title="bbox 128 3117 1139 3193; baseline 0.005 -21"><span class='ocrx_word' id='word_1_278' title='bbox 128 3117 213 3172; x_wconf 82' lang='lat' dir='ltr'>etiam</span> <span class='ocrx_word' id='word_1_279' title='bbox 236 3119 351 3174; x_wconf 77' lang='lat' dir='ltr'>Lucien.</span> <span class='ocrx_word' id='word_1_280' title='bbox 370 3135 430 3174; x_wconf 83' lang='lat' dir='ltr'>ene.</span> <span class='ocrx_word' id='word_1_281' title='bbox 450 3118 527 3173; x_wconf 90' lang='lat' dir='ltr'>Dem.</span> <span class='ocrx_word' id='word_1_282' title='bbox 543 3126 576 3173; x_wconf 87' lang='lat'>31</span> <span class='ocrx_word' id='word_1_283' title='bbox 600 3118 697 3173; x_wconf 71' lang='lat' dir='ltr'>tradit.</span> <span class='ocrx_word' id='word_1_284' title='bbox 717 3149 750 3160; x_wconf 90' lang='lat'>-</span> <span class='ocrx_word' id='word_1_285' title='bbox 775 3125 851 3185; x_wconf 62' lang='lat'>§12</span> <span class='ocrx_word' id='word_1_286' title='bbox 875 3123 990 3188; x_wconf 83' lang='grc' dir='ltr'>ῥιφῆναι</span> <span class='ocrx_word' id='word_1_287' title='bbox 1013 3123 1139 3193; x_wconf 85' lang='grc' dir='ltr'>ἄταφον]</span> 
     </span>
     <span class='ocr_line' id='line_1_36' title="bbox 127 3188 1140 3262; baseline 0.006 -20"><span class='ocrx_word' id='word_1_288' title='bbox 127 3192 224 3245; x_wconf 77' lang='lat' dir='ltr'>auctor</span> <span class='ocrx_word' id='word_1_289' title='bbox 238 3189 291 3245; x_wconf 84' lang='lat' dir='ltr'>ine.</span> <span class='ocrx_word' id='word_1_290' title='bbox 308 3206 352 3260; x_wconf 80' lang='lat' dir='ltr'>ap.</span> <span class='ocrx_word' id='word_1_291' title='bbox 368 3188 444 3244; x_wconf 85' lang='lat' dir='ltr'>Suid.</span> <span class='ocrx_word' id='word_1_292' title='bbox 460 3207 481 3245; x_wconf 80' lang='lat' dir='ltr'>s.</span> <span class='ocrx_word' id='word_1_293' title='bbox 496 3208 522 3244; x_wconf 89' lang='grc' dir='ltr'>ν.</span> <span class='ocrx_word' id='word_1_294' title='bbox 537 3191 697 3258; x_wconf 76' lang='grc' dir='ltr'>ὑπερόριονι</span> <span class='ocrx_word' id='word_1_295' title='bbox 718 3193 769 3260; x_wconf 67' lang='grc' dir='ltr'>,τό</span> <span class='ocrx_word' id='word_1_296' title='bbox 788 3197 865 3258; x_wconf 87' lang='grc' dir='ltr'>ςῶμα</span> <span class='ocrx_word' id='word_1_297' title='bbox 878 3196 929 3245; x_wconf 87' lang='grc' dir='ltr'>τοθ</span> <span class='ocrx_word' id='word_1_298' title='bbox 946 3192 1005 3245; x_wconf 86' lang='grc' dir='ltr'>Ὑπ.</span> <span class='ocrx_word' id='word_1_299' title='bbox 1021 3195 1140 3262; x_wconf 85' lang='grc' dir='ltr'>ἔρριψαν</span> 
     </span>
     <span class='ocr_line' id='line_1_37' title="bbox 127 3261 1140 3333; baseline 0.007 -20"><span class='ocrx_word' id='word_1_300' title='bbox 127 3261 265 3328; x_wconf 85' lang='grc' dir='ltr'>Ἀθηναῖοι</span> <span class='ocrx_word' id='word_1_301' title='bbox 284 3263 459 3329; x_wconf 87' lang='grc' dir='ltr'>ὑπερόριον.“</span> <span class='ocrx_word' id='word_1_302' title='bbox 487 3264 532 3315; x_wconf 83' lang='grc' dir='ltr'>καί</span> <span class='ocrx_word' id='word_1_303' title='bbox 552 3263 640 3316; x_wconf 79' lang='grc' dir='ltr'>αὖθιςι</span> <span class='ocrx_word' id='word_1_304' title='bbox 661 3266 724 3330; x_wconf 71' lang='grc' dir='ltr'>,καὶ</span> <span class='ocrx_word' id='word_1_305' title='bbox 742 3262 883 3317; x_wconf 88' lang='grc' dir='ltr'>ἀναπείθει</span> <span class='ocrx_word' id='word_1_306' title='bbox 901 3265 968 3317; x_wconf 88' lang='grc' dir='ltr'>τοὺς</span> <span class='ocrx_word' id='word_1_307' title='bbox 987 3265 1042 3319; x_wconf 87' lang='grc' dir='ltr'>Ἀθ.</span> <span class='ocrx_word' id='word_1_308' title='bbox 1058 3267 1140 3333; x_wconf 83' lang='grc' dir='ltr'>ὑπερ-</span> 
     </span>
     <span class='ocr_line' id='line_1_38' title="bbox 126 3332 1139 3401; baseline 0.006 -17"><span class='ocrx_word' id='word_1_309' title='bbox 126 3332 203 3398; x_wconf 91' lang='grc' dir='ltr'>όριον</span> <span class='ocrx_word' id='word_1_310' title='bbox 228 3333 262 3385; x_wconf 88' lang='grc' dir='ltr'>τό</span> <span class='ocrx_word' id='word_1_311' title='bbox 287 3337 364 3399; x_wconf 83' lang='grc' dir='ltr'>ςῶμα</span> <span class='ocrx_word' id='word_1_312' title='bbox 389 3338 440 3386; x_wconf 81' lang='grc' dir='ltr'>του</span> <span class='ocrx_word' id='word_1_313' title='bbox 467 3333 587 3400; x_wconf 89' lang='grc' dir='ltr'>ῥήτορος</span> <span class='ocrx_word' id='word_1_314' title='bbox 609 3334 669 3388; x_wconf 90' lang='grc' dir='ltr'>Ὑπ.</span> <span class='ocrx_word' id='word_1_315' title='bbox 695 3336 798 3401; x_wconf 87' lang='grc' dir='ltr'>ῥῑψαι“.</span> <span class='ocrx_word' id='word_1_316' title='bbox 823 3364 857 3373; x_wconf 93' lang='grc'><strong>-</strong></span> <span class='ocrx_word' id='word_1_317' title='bbox 882 3334 1054 3390; x_wconf 91' lang='grc' dir='ltr'>Γλαυκίππου</span> <span class='ocrx_word' id='word_1_318' title='bbox 1080 3343 1139 3392; x_wconf 90' lang='grc' dir='ltr'>τῶν</span> 
     </span>
     <span class='ocr_line' id='line_1_39' title="bbox 125 3402 1139 3473; baseline 0.005 -18"><span class='ocrx_word' id='word_1_319' title='bbox 125 3402 194 3456; x_wconf 87' lang='grc' dir='ltr'>υίῶν</span> <span class='ocrx_word' id='word_1_320' title='bbox 213 3402 274 3455; x_wconf 83' lang='grc' dir='ltr'>οοά.</span> <span class='ocrx_word' id='word_1_321' title='bbox 289 3403 321 3473; x_wconf 87' lang='grc' dir='ltr'>Ε,</span> <span class='ocrx_word' id='word_1_322' title='bbox 341 3404 512 3458; x_wconf 89' lang='grc' dir='ltr'>Γλαυκίππου</span> <span class='ocrx_word' id='word_1_323' title='bbox 526 3404 602 3458; x_wconf 91' lang='grc' dir='ltr'>τινός</span> <span class='ocrx_word' id='word_1_324' title='bbox 615 3405 666 3458; x_wconf 89' lang='grc' dir='ltr'>τόν</span> <span class='ocrx_word' id='word_1_325' title='bbox 680 3405 741 3459; x_wconf 91' lang='grc' dir='ltr'>υίόν</span> <span class='ocrx_word' id='word_1_326' title='bbox 760 3421 795 3472; x_wconf 89' lang='grc' dir='ltr'>ν.,</span> <span class='ocrx_word' id='word_1_327' title='bbox 815 3405 987 3460; x_wconf 92' lang='grc' dir='ltr'>Γλαυκίππου</span> <span class='ocrx_word' id='word_1_328' title='bbox 1006 3407 1069 3461; x_wconf 85' lang='grc' dir='ltr'>υἱοθ</span> <span class='ocrx_word' id='word_1_329' title='bbox 1088 3411 1139 3463; x_wconf 87' lang='grc' dir='ltr'>τόν</span> 
     </span>
     <span class='ocr_line' id='line_1_40' title="bbox 125 3472 1139 3547; baseline 0.007 -21"><span class='ocrx_word' id='word_1_330' title='bbox 125 3473 186 3527; x_wconf 85' lang='grc' dir='ltr'>υἱόν</span> <span class='ocrx_word' id='word_1_331' title='bbox 204 3472 443 3529; x_wconf 73' lang='lat' dir='ltr'>Wesiermennus.</span> <span class='ocrx_word' id='word_1_332' title='bbox 462 3473 497 3533; x_wconf 84' lang='lat' dir='ltr'>ef.</span> <span class='ocrx_word' id='word_1_333' title='bbox 513 3472 637 3531; x_wconf 78' lang='lat' dir='ltr'>suidam.</span> <span class='ocrx_word' id='word_1_334' title='bbox 653 3506 687 3518; x_wconf 89' lang='lat'>-</span> <span class='ocrx_word' id='word_1_335' title='bbox 704 3481 719 3541; x_wconf 68' lang='grc' dir='ltr'><strong>ξ</strong></span> <span class='ocrx_word' id='word_1_336' title='bbox 736 3482 775 3531; x_wconf 89' lang='grc'>13.</span> <span class='ocrx_word' id='word_1_337' title='bbox 796 3478 825 3530; x_wconf 83' lang='grc' dir='ltr'>ἐν</span> <span class='ocrx_word' id='word_1_338' title='bbox 846 3476 993 3547; x_wconf 80' lang='grc' dir='ltr'>Κλεωναῖς]</span> <span class='ocrx_word' id='word_1_339' title='bbox 1013 3476 1047 3533; x_wconf 83' lang='lat' dir='ltr'>ef.</span> <span class='ocrx_word' id='word_1_340' title='bbox 1064 3478 1139 3533; x_wconf 76' lang='lat' dir='ltr'>Plui.</span> 
     </span>
    </p>
   </div>
   <div class='ocr_carea' id='block_1_4' title="bbox 0 0 1200 3840">
    <p class='ocr_par' dir='ltr' id='par_1_4' title="bbox 0 0 1200 3840">
     <span class='ocr_line' id='line_1_41' title="bbox 0 0 1200 3840; baseline 0 3"><span class='ocrx_word' id='word_1_341' title='bbox 0 0 1200 3840; x_wconf 95' lang='lat' dir='ltr'> </span> 
     </span>
    </p>
   </div>
  </div>
 </body>
</html>
