2392 3840
482 87 690 178 1111111110
1055 127 1094 182 ix

67 298 154 356 que,
197 295 295 354 neque
334 276 429 334 multo
463 279 533 351 post
572 275 604 333 in
636 275 794 335 Britannia
827 276 948 336 Samuel
981 278 1095 355 Sharpe

67 373 105 428 et
133 365 295 425 Churchill
312 364 493 441 Babington,
514 364 558 424 vir
581 364 618 423 de
635 364 788 442 Hyperide
811 365 959 441 imprimis
983 369 1094 444 optime

65 456 223 531 meritus,
247 473 370 530 operam
392 453 424 511 in
447 454 489 512 eis
512 453 647 529 legendis
674 454 886 530 componendis
914 455 1093 517 adornandis

67 545 314 606 collocaverunt.
353 541 454 601 'Anno
487 541 593 601 deinde
628 544 712 602 1853
742 542 891 603 Ardenius
924 562 1012 602 suum
1043 565 1094 606 vo-

66 637 184 694 lumen
208 632 318 708 edidit,
348 630 533 707 splendidius
562 631 653 690 etiem
679 632 978 710 magnificentiusque
1007 654 1097 709 quarn

66 723 242 783 ‚Harrisius
265 721 379 780 feceret
402 719 589 796 lithographi
612 722 676 779 arte
696 740 877 798 expressum,
901 722 999 781 colere
1023 742 1095 799 quo·

73 832 142 889 que
171 810 280 887 papyri
308 810 451 886 rimisque
480 809 618 869 omnibus
647 828 762 868 summa
790 810 948 885 diligentia
975 811 1096 888 effictis;

73 901 246 962 adiunctus
271 901 337 958 erat
359 898 590 957 commentarius
617 898 815 976 Babingtonis
842 899 1097 975 locupletissimus

73 994 243 1066 ceteraque
268 1006 343 1065 quae
367 987 405 1046 ad
429 987 580 1046 orationes
607 986 749 1064 legendas
771 988 982 1065 perpoliendas
1009 989 1096 1049 resti-

70 1078 210 1138 tuendas
238 1077 429 1152 pertinebant
461 1076 499 1134 ab
532 1077 636 1135 eodem
668 1076 830 1152 diligenter
861 1079 1004 1137 confecta.
1049 1078 1098 1138 lu-

74 1174 173 1245 tegra
195 1186 273 1244 quae
296 1167 356 1224 iam
379 1164 532 1240 prodierat
555 1166 650 1224 oratio
674 1165 821 1241 simulque
846 1167 946 1242 ampla
973 1168 1097 1226 alterius

72 1275 154 1334 pars
186 1256 282 1313 multo
315 1254 412 1312 maius
443 1254 535 1313 etiam
571 1253 705 1313 studium
741 1255 852 1331 ubique
883 1260 1096 1316 evocaveruntt

77 1345 233 1405 editorem
256 1344 436 1402 Britannum
459 1342 555 1402 secuti
574 1344 693 1402 suntin
711 1342 872 1403 Germania
890 1343 1097 1406 Schneidewin

81 1438 116 1494 et
143 1432 262 1508 Caesar,
285 1432 317 1490 in
336 1432 465 1492 Batavia
488 1430 590 1505 Cobet,
614 1432 694 1506 apud
718 1431 827 1492 Succos
851 1452 968 1510 quoque
986 1433 1098 1493 Linder

81 1528 116 1582 et
141 1523 173 1580 in
195 1522 287 1580 Italia
310 1520 508 1596 Comparetti,
533 1520 585 1597 qui
607 1520 719 1594 partim
741 1523 901 1598 utramque
925 1524 1098 1600 orationem,

78 1611 199 1689 partim
222 1611 447 1686 Euxenippeam
470 1610 566 1669 solam
589 1608 822 1668 emendatiorem
845 1609 1098 1688 integrioremque

78 1700 209 1760 reddere
247 1699 438 1759 studuerunt
494 1699 571 1757 Tum
607 1716 684 1756 anno
714 1698 798 1756 1857
829 1698 925 1757 oratio
962 1699 1098 1759 funebris

80 1791 122 1850 ab
148 1789 251 1848 eodem
271 1788 461 1864 Babiugtone
484 1788 610 1864 parique
634 1786 791 1861 splendore
814 1790 904 1863 atque
927 1787 998 1846 illae
1021 1789 1098 1847 duae

82 1879 170 1938 edita
207 1880 266 1954 est;
303 1895 393 1953 quam
424 1881 529 1952 postea
561 1879 776 1936 recensuerunt
808 1875 940 1951 Sauppe,
973 1875 1099 1952 Kayser,

82 1968 153 2027 Tell
177 1967 209 2024 in
228 1966 398 2041 Germania,
421 1966 502 2041 apud
519 1967 651 2025 Batavos
671 1963 773 2038 Cobet,
795 1984 884 2042 porro
903 1965 1001 2026 Italus
1019 1966 1099 2024 idem

85 2056 277 2132 Comparetti
307 2057 338 2114 et
367 2055 557 2130 Francogalli
586 2054 729 2131 Dehbque
760 2059 790 2114 et
820 2054 964 2116 Caffiaun
1009 2055 1099 2114 Multi

84 2147 248 2221 praeterea
269 2144 404 2203 homines
429 2143 510 2203 docti
528 2143 574 2203 his
593 2143 777 2203 orationibus
795 2143 957 2220 Hyperidis
976 2164 1099 2221 operam

83 2237 251 2306 naverunt,
293 2251 421 2310 quorum
459 2232 728 2292 enumerandorum
764 2237 871 2309 postea
906 2234 989 2293 locus
1031 2234 1097 2294 erit.

83 2322 293 2398 Philippideae
322 2324 424 2380 autem
452 2321 543 2380 editio
570 2322 708 2397 princeps
736 2323 773 2380 ab
802 2322 946 2382 orationis
964 2323 1099 2381 funebris

87 2412 217 2490 integris
240 2410 369 2489 triginta
386 2413 532 2486 quattuor
550 2410 636 2469 annis
655 2410 784 2470 discreta
803 2414 860 2488 est;
883 2410 998 2486 prodiit
1020 2412 1100 2470 enim

85 2519 239 2569 unacum
264 2498 385 2558 Herode
415 2500 543 2576 aliisque
572 2499 685 2558 chartis
708 2499 848 2558 Londinii
871 2518 897 2558 a.
923 2502 1017 2575 1891,
1050 2520 1099 2559 cu·

87 2593 173 2649 rante
192 2589 258 2648 viro
274 2588 309 2647 de
323 2588 435 2647 litteris
450 2588 564 2666 graecis
578 2588 738 2663 insigniter
751 2588 858 2646 merito
872 2589 906 2648 F.
916 2588 950 2650 G.
965 2589 1099 2665 Kenyon.

86 2679 145 2737 Pro
171 2677 333 2754 specimine
361 2677 527 2753 scripturae
552 2676 694 2736 adiuncta
716 2680 762 2736 001
781 2677 886 2736 tabula
903 2679 1101 2756 phototypica

87 2770 152 2826 arte
181 2785 334 2844 expressa,
366 2785 425 2844 qua
455 2769 606 2825 extremae
629 2765 706 2824 duae
729 2766 884 2825 columnae
913 2767 1098 2827 exhibentur.

86 2857 161 2915 Post
175 2855 350 2932 Kenyonem
369 2855 525 2915 ediderunt
543 2855 574 2913 in
588 2854 716 2914 Batavia
729 2853 820 2914 Henr.
838 2874 894 2914 van
908 2856 1101 2932 Herwerden,

88 2946 123 3003 in
141 2944 241 3004 Gallia
259 2942 351 3003 Henr.
369 2944 459 3021 Weil,
483 2964 538 3022 ego
562 2944 626 3019 ipse
651 2943 682 3002 in
702 2943 870 3022 Germania,
893 2944 925 3003 in
942 2944 1101 3003 Britannia

88 3036 172 3093 idem
202 3033 314 3092 iterum
336 3033 475 3110 Keuy0n3
507 3033 629 3092 minime
661 3035 760 3092 autem
784 3033 955 3092 mirandum
978 3036 1037 3111 est,
1070 3039 1101 3092 et

87 3122 286 3183 Aristotelem
309 3125 340 3181 01
357 3122 510 3182 Herodam
533 3120 635 3181 eodem
657 3122 720 3181 fere
742 3125 878 3199 tempore
901 3122 1039 3182 inventos
1062 3124 1101 3203 ad

87 3232 120 3272 se
143 3212 304 3288 plerosque
333 3215 414 3271 10100
444 3212 635 3271 convertisse.
682 3211 835 3288 Eugenius
858 3210 1012 3270 llevillout
1035 3232 1100 3273 ora·

86 3301 180 3362 tionis
210 3301 248 3358 ab
277 3319 308 3359 se
340 3300 480 3360 inventae
504 3301 635 3376 primum
667 3300 741 3358 dues
774 3301 928 3360 columnas
959 3293 1101 3381 (tertiam

90 3380 305 3468 quartamque)
328 3389 442 3464 publici
460 3388 535 3448 iuris
554 3388 627 3447 feeit
650 3391 797 3466 a.1889;
820 3389 889 3448 dein
913 3393 1010 3451 totam
1033 3410 1101 3450 cum

90 3478 305 3540 commentario
325 3480 425 3556 amplo
445 3478 539 3538 edidit
557 3477 664 3538 eodem
678 3477 736 3540 1110
754 3479 1122 3555 0111101111010111010
