2392 3840
117 115 182 180 104
485 114 755 169 ΑΠΟΕΠΑΕΜΑΤΙΑ

76 285 103 324 66
209 262 260 326 62.
283 259 509 345 ποδοστράβῃ·
533 261 608 324 Ὑπ.
632 258 668 323 ἕν
689 280 723 324 τε
742 265 788 344 τῷ
807 257 880 322 κατ’
899 256 1080 338 Ἀθηνογένι

118 349 161 437 (ν.
181 351 241 415 col.
264 349 294 430 8,
318 347 376 437 25)
399 351 450 414 καὶ
473 351 509 414 ἐν
531 353 577 432 τῷ
600 347 672 412 κατ’
690 348 823 413 Αὐτοκλ.
867 347 969 431 Harp.

76 461 104 501 6⁷
207 440 259 504 63.
282 439 359 503 Ὑπ.
387 441 422 503 ἐν
450 444 496 522 τῷ
523 436 595 502 κατ’
618 436 750 500 Αὐτοκλ.
781 437 967 516 προδοείαε·
1001 436 1080 521 ῥητο

117 535 177 612 κῆς
200 526 235 592 ἐκ
258 528 367 610 δήμου
391 527 477 609 (scil.
502 526 661 607 γραφῆε)·
690 525 753 590 ἔετι
781 528 842 604 γὰρ
870 527 922 590 καὶ
945 528 981 590 ἐκ
1007 532 1080 606 βουλ

117 617 193 682 Lex.
216 617 394 701 cantabrig.
418 640 448 700 p.
469 617 543 698 677,
564 615 614 680 16.

76 729 104 768 66
208 707 258 771 64.
283 706 473 788 στρατηγοί·
501 741 538 750 -
564 703 595 768 οἱ
624 702 697 768 καθ’
726 705 858 768 ἕκαστον
888 705 1039 768 ἐνιαυτὸν
1070 726 1080 783 γ

118 795 349 874 ροτονοίιμενοι
373 794 542 873 στρατηγοὶ
566 788 593 857 ι’
616 793 703 872 ἦσαν,
727 792 772 856 ὡ(
795 797 908 871 μαθεῖν
932 789 1016 857 ἔετιν
1041 793 1076 858 ἔκ

118 888 183 950 τῶν
202 884 397 962 Ὑπερείδου
417 880 488 947 κατ’
512 882 643 947 Αὐτοκλ.
667 882 718 944 καὶ
741 883 776 945 ἐκ
799 887 854 960 τῆς
874 880 1053 960 Ἀθηναίων
1073 906 1080 946 ι

118 973 236 1038 λιτείαε
260 969 504 1051 Ἀριστοτέλους.
550 969 652 1053 Harp.

76 1085 105 1125 66
209 1060 259 1126 65.
284 1063 452 1140 Μέμνημαι
480 1061 516 1123 δὲ
547 1059 599 1124 καί
626 1060 699 1137 περὶ
727 1063 785 1123 τοῦ
813 1064 868 1138 τῆ(
895 1060 1032 1143 γνώμης
1059 1061 1080 1125 ὀ

120 1171 219 1229 ματοε
248 1148 357 1231 εἰπών,
391 1150 435 1212 ὼε
466 1149 518 1213 ἐπὶ
549 1152 617 1211 τῶν
650 1152 797 1212 παλαιῶν
830 1149 866 1212 ἐν
897 1147 955 1232 ἴεῳ
990 1149 1055 1214 εἴτε

120 1237 263 1304 διανοίας
301 1236 364 1302 είτε
401 1239 452 1302 καὶ
489 1237 666 1316 ἐννοήεεωε
704 1238 834 1313 ἐλέγετο
862 1274 905 1282 -
936 1274 975 1283 -
1002 1240 1053 1302 καὶ

120 1327 226 1406 εχίνηε
254 1328 289 1391 δὲ
318 1327 398 1391 κατὰ
429 1326 542 1392 τούσδε
567 1326 585 1389 ὁ
614 1327 811 1404 (ωκρατικόε
839 1327 875 1389 ἐν
903 1332 950 1409 τῷ
976 1330 1080 1392 Μιλτιι

120 1416 200 1480 κατὰ
222 1416 260 1480 τὸ
289 1416 368 1480 αὐτὸ
399 1415 632 1496 εημαινόμενον
661 1417 810 1493 κέχρηται
840 1420 887 1498 τῷ
918 1415 1053 1493 ὀνόματι

118 1506 195 1570 Ὑπ.
220 1507 256 1570 ἐν
283 1511 329 1590 τῷ
357 1504 430 1569 κατ’
452 1505 524 1570 Αὐτ.
552 1505 604 1568 καὶ
633 1502 734 1568 ἄλλοι.
759 1502 901 1568 Galenus
929 1505 994 1568 vol.
1013 1505 1080 1569 XV]

120 1596 141 1659 2
165 1618 196 1678 p.
215 1595 279 1659 656
304 1617 349 1679 sq.
374 1594 484 1657 Kflhn.

65 1778 101 1818 ν
396 1752 469 1817 ΧΠ.
493 1753 602 1818 τινα(
626 1749 919 1838 ΔΑιαΠΠοΝν

83 1903 109 1942 ιο
213 1881 264 1946 66.
287 1879 488 1963 πρόσκλησις
511 1879 530 1956 ἡ
551 1878 595 1941 εἰ(
614 1880 812 1956 δικαιτήριον
831 1880 943 1955 κλῆαε,
967 1881 1020 1942 καὶ
1038 1903 1080 1961 πρ

120 1967 324 2034 καλέσασθαι
360 1969 397 2031 τὸ
435 1968 671 2045 παραγγέλλειν
708 1966 752 2030 εἰ(
786 1966 887 2044 δίκην·
926 1967 1080 2046 Δημοεθέ

121 2060 226 2142 ἐντῷ
250 2058 322 2135 περὶ
345 2060 404 2120 τοῦ
426 2055 554 2133 Ἁγνίου
579 2059 705 2135 κλήρου,
729 2055 806 2118 Ὑπ.
830 2056 935 2138 ἐντῷ
961 2059 1043 2135 πρὸ(
1067 2064 1080 2121 ί

122 2167 251 2226 μιππον.
300 2143 458 2227 Harpoer.

66 2328 117 2368 x11
469 2303 559 2369 XIII.
582 2305 792 2370 ΔΗΛΙΑΚΟΕ.

211 2431 259 2497 cf.
273 2430 365 2494 Dem.
380 2429 419 2493 de
434 2450 552 2493 corona
567 2431 586 2509 ξ
604 2428 680 2510 134;
700 2428 810 2513 Biogr.
827 2427 858 2492 X
873 2433 953 2493 orat.
973 2452 1004 2513 p.
1021 2431 1080 2495 84ss

122 2518 276 2603 Apollon.
300 2518 366 2583 vit.
396 2518 510 2583 Aesch.
538 2541 568 2601 p.
593 2519 659 2582 402
687 2518 735 2582 ed.
763 2518 870 2601 turic.;
907 2518 1065 2604 Hermog.

121 2632 151 2693 p.
171 2609 236 2674 219
256 2607 322 2691 W.;
363 2605 448 2670 Max.
470 2606 563 2671 Plan.
586 2605 618 2670 V
640 2628 671 2690 p.
694 2607 760 2671 482
780 2605 845 2687 W.;
884 2607 1048 2691 Anonym.
1072 2608 1080 2625 “

120 2721 151 2783 p.
171 2699 213 2762 26
232 2695 295 2773 W„
319 2717 413 2779 quem
437 2697 545 2761 locum
569 2691 614 2781 (v.
633 2717 731 2778 supra
754 2695 793 2759 de
811 2695 896 2779 Hyp.
917 2696 1022 2780 eloqu.
1042 2699 1080 2761 iu*

121 2792 183 2852 vet.
208 2783 296 2870 adn.)
324 2788 411 2849 recte
436 2785 500 2849 huc
523 2785 623 2848 refert
645 2783 716 2867 Bb.;
750 2785 854 2848 Anon.
879 2782 1011 2867 Seguer.
1039 2790 1080 2865 τέ]

122 2878 189 2956 ρητ.
212 2899 242 2960 p.
260 2875 326 2940 439
351 2871 404 2956 Sp.
428 2871 575 2958 (Cornut.
600 2874 648 2939 ed.
671 2871 818 2936 Graeven
839 2896 871 2957 p.
893 2872 960 2959 19).

83 2988 108 3026 ιι
213 2966 265 3031 67.
289 2962 514 3046 Λέμεναιμὰρ
537 2961 598 3044 τὴν
621 2962 720 3043 Λητὼ
743 2970 892 3027 κυοῦσαν
915 2964 994 3039 τοὺς
1018 2975 1080 3028 παῖ

122 3054 158 3119 ἐκ
189 3055 274 3130 Διὸς
300 3051 503 3117 ἐλαύνεσθαι
530 3049 594 3114 ὑπὸ
623 3059 680 3130 τῆς
695 3048 800 3135 Ἥρας
827 3051 908 3115 κατὰ
935 3061 1047 3116 πᾶσαν
1076 3080 1080 3135 ς

123 3141 179 3207 καὶ
197 3143 379 3208 θάλατταν·
403 3140 466 3222 ἤδη
487 3135 524 3203 δὲ
544 3139 648 3222 αὐτὴν
666 3140 900 3224 βαρυνομένην
919 3138 973 3204 καὶ
993 3141 1080 3224 ἀπορ

196 3338 230 3388 64
244 3335 335 3389 ἑκτοῦ
346 3333 478 3401 ὑπερίδου
493 3335 538 3386 καί
547 3334 732 3386 ταυτοκλέουε
742 3332 819 3386 BCG.
829 3363 860 3372 -
873 3337 906 3385 65
916 3336 981 3387 κατ’
991 3335 1060 3387 αὐτὸ
1072 3355 1080 3388 ι

124 3406 222 3459 κλέους
239 3402 318 3471 libri;
342 3422 394 3459 em.
411 3404 437 3459 S.
457 3435 490 3443 -
515 3409 547 3457 67
567 3403 657 3458 Anon.
678 3403 714 3456 ad
732 3404 863 3472 Hermog.
879 3404 931 3457 VII
949 3423 976 3473 p.
993 3409 1045 3459 966
1064 3423 1080 3457 n

125 3480 141 3530 ὁ
162 3477 231 3543 Ὑπ.,
250 3477 365 3542 ὁριεθείε
383 3475 548 3541 ἐγκωμιάσαι
566 3476 616 3529 τὸν
632 3477 756 3528 Ἀπόλλω
776 3479 820 3530 καὶ
839 3479 875 3545 μή
896 3478 1024 3545 δυνηθεὶς
1042 3481 1080 3530 θει
