2392 3840
199 107 340 164 ARGVM.
360 106 578 164 ORATIONVM
596 107 781 163 BREVITER
798 108 923 164 Dasea.
1022 109 1071 163 LV

57 263 177 321 oratum
202 262 261 336 cst,
294 259 372 318 sicut
394 260 424 317 in
453 259 551 319 causis
582 258 715 335 Apbobi,
743 258 896 336 Stephani,
929 259 1070 339 aliorum3

59 350 135 409 unde
155 349 235 408 duae
254 349 378 408 fuerunt
391 348 553 425 Hyperidis
571 344 652 407 κατὰ
667 341 897 423 Ἀθηνογένους
912 348 1071 426 orationes,

58 458 187 514 quarum
210 437 320 513 prioris
343 437 440 497 maior
461 455 531 513 pars
554 440 675 514 reperta
697 440 752 497 cst.
798 437 928 512 Tempus
951 437 983 495 in
1005 437 1071 514 ipsa

58 527 194 587 oratione
218 526 381 601 indicatur,
409 546 477 585 cum
504 526 647 586 dicuntur
672 526 741 602 plus
766 524 814 585 CL
838 525 908 585 anni
935 524 1003 584 inde
1033 527 1070 585 ab

58 635 135 676 anno
156 617 223 676 480
238 614 435 691 praeterlapsi
452 614 544 675 fuisse
560 607 629 697 (col.
646 618 695 688 15,
712 618 753 674 17
766 608 835 694 sq.);
855 615 956 691 itaque
976 633 1070 675 annus

56 706 116 764 fuit
147 723 228 763 unus
269 723 304 762 ex
341 702 383 763 eis
417 703 468 781 qui
504 723 529 763 a.
558 706 624 763 430
655 705 789 780 proxime
825 703 953 763 insecuti
992 707 1070 764 sunt.

57 793 123 864 Quo
151 811 222 852 cnm
250 795 384 868 ternpore
413 792 505 853 etiam
531 793 648 869 reliqua
671 812 747 869 quae
775 793 878 852 insunt
902 785 943 869 (v.
965 794 1015 859 15,
1036 786 1070 873 2)

56 883 170 958 optime
186 887 366 959 congruunt.
403 881 476 941 Fuit
490 884 592 940 autem
606 902 716 960 magna
729 882 818 941 buius
834 881 976 941 orationis
992 882 1071 957 apud

56 974 176 1031 veteres
200 971 294 1029 fame:
318 989 393 1046 quac
417 989 476 1029 una
499 990 567 1029 cum
587 989 629 1030 or.
647 967 727 1044 ὑπὲρ
747 966 874 1045 Φρύνη(
893 969 929 1028 ab
950 973 1070 1030 auctore

56 1060 128 1119 libri
151 1056 227 1133 περὶ
250 1054 353 1132 ὕψου(
373 1051 527 1141 (usupra
548 1079 575 1134 p.
595 1050 738 1141 XLVIII)
757 1063 792 1121 ut
815 1060 983 1135 exemplum
1006 1059 1070 1119 eius

55 1149 176 1226 generis
205 1147 370 1207 subtilioris
403 1150 434 1207 et
465 1148 628 1209 festivioris
661 1149 793 1222 affertur,
822 1148 934 1225 inquo
964 1152 995 1207 et
1024 1167 1071 1207 ex-

55 1236 197 1297 celluerit
229 1231 399 1314 Hyperides
430 1255 527 1313 neque
558 1236 775 1298 Demosthenes
811 1237 876 1314 ipse
913 1257 982 1296 cum
1016 1237 1070 1297 illo

56 1329 174 1387 certare
198 1325 340 1401 potuerit.

147 1413 200 1474 Or.
219 1414 271 1475 VI.
308 1413 476 1474 Leosthene
503 1415 536 1474 in
563 1415 716 1475 obsidione
739 1414 860 1474 Lamiae
893 1433 977 1474 caeso
1002 1433 1070 1474 con-

55 1504 197 1564 siliorum
229 1503 294 1562 eius
327 1503 423 1562 socius
455 1503 623 1580 Hyperides
656 1523 674 1562 a
705 1503 816 1579 populo
849 1503 981 1562 delectus
1015 1507 1069 1581 est,

55 1593 109 1670 qui
131 1593 222 1651 illum
245 1611 354 1668 eosque
379 1592 513 1670 quinne
535 1593 568 1651 in
585 1592 638 1651 illa
656 1591 843 1668 expeditione
869 1590 1070 1651 occubuerant

58 1681 197 1742 oratione
221 1681 344 1741 funebri
376 1681 568 1742 collaudaret.
616 1680 701 1751 Quod
724 1681 839 1740 factum
870 1679 966 1738 bieme
1001 1680 1071 1739 anni

58 1771 96 1830 ol.
113 1773 188 1848 114,
204 1773 233 1848 2,
253 1789 279 1830 a.
295 1768 361 1829 Ohr.
378 1789 403 1828 a.
420 1773 492 1846 322,
512 1789 580 1830 cum
598 1771 659 1829 iam
676 1770 800 1828 nuntius
820 1770 855 1828 de
873 1787 907 1827 re
926 1769 1069 1828 adversus

56 1858 249 1919 Leonnatum
271 1877 413 1935 prospere
436 1862 523 1938 gesta
546 1860 680 1920 Athenas
703 1859 897 1935 pervenisset.
