2392 3840
92 122 161 178 vui
498 77 703 176 Parnassio

96 273 252 350 magisque
274 271 441 348 perspicere
459 271 546 330 nobis
564 271 708 332 videmur.
746 271 900 331 Novarum
918 272 1111 332 voluminum

96 361 381 420 alterum'babebat
399 361 565 421 orationem
582 360 745 438 Hyperidis
764 357 844 420 κατὰ
863 357 1058 422 Φιλιππίδου
1079 367 1111 423 ο1

94 450 305 510 Demosthenis
328 450 489 527 epistulam
511 451 650 526 tertiam;
674 449 726 508 sed
749 449 833 508 deest
855 450 920 510 eius
941 451 1111 512 voluminis

94 544 125 600 et
147 540 268 599 initium
291 542 323 599 et
345 557 415 615 pars
439 543 585 616 extrema,
615 542 651 597 ut
673 558 769 616 neque
793 539 861 597 sciri
884 540 979 615 pessit
1002 543 1110 599 utrum

93 634 251 706 praeterea
274 629 335 688 alia
352 628 496 687 insuerint
515 646 616 705 necne,
641 631 671 686 et
689 628 755 704 ipsa
773 627 846 686 haec
865 628 1024 706 magisque
1042 628 1110 706 Hy·

93 719 216 795 peridea
235 719 332 779 oratio
350 736 459 792 parum
476 717 595 794 integra
613 717 785 776 habeamus.
819 717 932 777 Tacent
950 719 1110 778 tacebunt-

36 869 38 879 ,
95 827 151 885 que
183 809 334 867 curatores
363 806 459 866 Musei
487 805 668 880 Britannici,
706 805 785 882 apud
816 825 889 882 qnos
921 810 967 866 est
994 807 1027 865 id
1056 826 1110 868 vo-

93 898 207 973 lumen,
240 895 319 954 unde
348 899 378 954 et
401 913 419 953 a
442 914 501 970 quo
529 895 708 970 acceperint3
741 895 843 972 itaque
872 914 927 954 nos
950 913 989 954 na
1012 896 1112 956 simus

93 985 211 1044 curiosi.
257 984 362 1043 Paullo
385 985 473 1060 plura
497 983 533 1043 de
556 985 651 1043 altero
674 984 781 1043 horum
805 984 995 1048 voluminum
1019 985 1110 1045 inno·

93 1076 226 1148 tuerunt‚
249 1073 329 1150 quod
352 1072 455 1131 eodem
477 1073 540 1131 fere
559 1077 694 1148 tempere
716 1073 748 1130 in
767 1073 864 1132 lucem
882 1072 1005 1151 prodiit,
1027 1074 1109 1133 illud

94 1163 160 1221 dico
188 1181 247 1239 quo
275 1162 371 1221 oratio
395 1157 474 1220 κατὰ
496 1155 729 1236 Ἀθηνογένους
751 1161 891 1237 prior-
919 1162 995 1221 dnae
1025 1164 1109 1222 enim

93 1254 217 1310 fuerunt
237 1280 273 1290 -
297 1250 432 1326 quamvis
455 1268 514 1309 non
532 1251 620 1325 plane
638 1251 758 1327 integra
776 1251 942 1310 exhibetur.
974 1252 1110 1311 Franco-

95 1341 246 1418 gallorum
279 1343 308 1397 et
339 1340 478 1398 volumen
504 1339 560 1398 hoe
588 1343 634 1398 est
662 1342 692 1398 et
718 1340 786 1398 laus
811 1340 1004 1413 inventionis,
1030 1360 1109 1418 quae

96 1428 216 1505 quidem
239 1429 305 1487 laus
327 1431 394 1486 tota
417 1426 455 1486 ad
477 1448 570 1486 unum
591 1429 744 1487 hominem
766 1429 912 1504 pertinet,
935 1429 1111 1507 Eugenium

95 1518 263 1595 Revillout,
291 1517 387 1576 Musei
410 1517 592 1593 Aegyptiaci
625 1517 812 1576 celeberrimi
844 1517 990 1577 Parisiaci
1021 1538 1111 1595 prae·

95 1607 216 1667 fectum.
262 1606 349 1667 Anno
375 1608 459 1666 1888
487 1607 660 1684 negotiator
689 1606 810 1682 quidam
834 1605 966 1667 Graecus
991 1607 1019 1667 ei
1042 1608 1109 1668 viro

95 1698 236 1756 volumen
264 1715 465 1773 papyraccum
496 1696 619 1772 obtulit,
657 1695 734 1753 male
767 1695 905 1754 habitum
936 1696 1110 1772 nequedum

96 1787 260 1863 evolutum,
284 1787 369 1844 cuius
388 1786 524 1861 quamvis
541 1803 638 1861 pauca
656 1784 717 1861 legi
734 1787 866 1860 possent,
885 1786 1035 1860 extemplo
1053 1785 1108 1843 ille

96 1881 127 1935 et
155 1875 228 1953 quid
258 1875 323 1934 fere
355 1875 467 1932 inesset
500 1873 647 1933 divinavit
675 1877 706 1933 et
734 1877 768 1931 ut
801 1877 950 1933 emeretur
982 1873 1113 1969 curavit,

96 1966 193 2041 pretio
218 1963 339 2039 quidem
365 1961 486 2019 minime
514 1961 686 2039 immodico,
715 1960 845 2021 denariis
874 1961 997 2022 Gallicis
1026 1961 1111 2022 mille

97 2056 128 2112 et
160 2051 340 2128 quingentis.
386 2049 515 2108 Videtur
543 2054 573 2109 et
599 2052 699 2127 ipsum
722 2071 757 2110 ex
780 2052 921 2128 Aegypto
953 2052 1110 2128 superiore

96 2140 283 2217 provenisse;
305 2138 476 2215 negotiator
494 2139 573 2198 enim
596 2140 648 2199 ille
671 2141 751 2199 circa
768 2140 936 2216 Panopolin
955 2144 1112 2201 vetustam

97 2229 333 2306 hodiernumque
362 2227 463 2304 Sohag
489 2227 615 2288 habitat.
661 2229 732 2287 Fuit
762 2233 863 2288 autem
889 2229 996 2304 ingens
1023 2230 1112 2290 labor

98 2321 232 2394 emptum
255 2317 396 2376 volumen
419 2322 450 2376 et
472 2318 628 2377 evolvendi
652 2321 683 2377 et
705 2326 786 2377 recte
806 2318 970 2394 digerendi3
997 2319 1111 2378 dilabe-

97 2410 188 2468 batur
220 2407 300 2465 enim
334 2407 366 2465 in
402 2406 551 2484 fragmina
586 2406 739 2465 interdum
774 2407 993 2481 minutissima,
1031 2425 1110 2484 quae

98 2497 256 2573 oportebat
280 2515 352 2555 cura
375 2496 564 2554 exactissima
592 2496 760 2555 examinare
788 2499 999 2571 coagmentare
1022 2515 1110 2571 repo-

97 2604 176 2662 nere,
196 2586 288 2645 donec
303 2588 348 2644 est
366 2585 428 2643 fere
446 2587 555 2662 tetum,
573 2589 720 2663 quantum
738 2584 858 2661 quidem
877 2585 943 2643 eius
963 2589 1111 2664 superest,

98 2675 135 2734 ad
164 2674 296 2734 ordinem
324 2693 411 2733 suum
438 2673 600 2748 pristinum
626 2679 808 2735 revocatum.
859 2674 915 2733 Est
943 2677 1044 2733 autem
1071 2694 1111 2733 ne

98 2761 154 2823 hoo
191 2763 313 2841 quidem
349 2762 561 2840 omittendum,
599 2763 679 2821 omni
712 2781 784 2822 cura
817 2762 976 2839 studioque
1009 2763 1111 2824 virum

99 2852 304 2914 doctissimum
326 2852 558 2930 Francogallum
580 2870 668 2910 usum
695 2871 773 2927 esse,
800 2854 837 2910 ut
864 2869 915 2910 eas
942 2852 1111 2928 particulas

100 2961 176 3020 quae
200 2942 337 3001 deessent
356 2959 489 3018 quasque
508 2941 678 3015 putandum
696 2943 775 3000 esset
793 2942 824 2999 in
848 2941 989 3017 Aegypto
1014 2941 1113 3000 adhuc

99 3032 193 3091 latere
220 3033 425 3107 recuperaret,
458 3033 488 3088 et
515 3030 706 3105 recuperavit
736 3030 894 3106 quasdam,
928 3049 1113 3106 quamquam

99 3139 159 3179 non
189 3141 244 3197 pro
277 3119 377 3180 studio
410 3118 590 3194 egregiaque
617 3119 774 3179 voluntate
808 3138 843 3177 ea
874 3137 923 3176 res
956 3119 1113 3178 successit

36 3201 141 3305 ξζξξίᾒῗζ
246 3208 265 3284 ξ
289 3211 319 3268 4.
350 3207 469 3266 Primus
501 3207 594 3283 igitur
621 3206 775 3267 Harrisius
803 3226 880 3266 anno
913 3209 997 3267 1848
1030 3208 1113 3284 frag-

156 3301 257 3357 menta
275 3317 330 3357 sua
346 3296 569 3373 lithographica
592 3303 656 3356 arte
680 3297 840 3373 diligenter
859 3315 998 3372 expressa
1018 3297 1114 3356 oculis

101 3387 256 3446 hominurn
279 3386 435 3447 doctorum
460 3385 587 3444 subiecit
613 3404 774 3463 eorumque
803 3385 904 3444 studia
930 3405 1040 3462 magna
1064 3404 1113 3444 ex-

103 3476 216 3537 citavit.
253 3476 366 3535 Eodem
380 3478 512 3550 tempore
536 3473 567 3532 in
592 3473 752 3534 Germania
765 3473 915 3550 Sauppius
930 3474 1114 3534 Boeclrhius-
