2392 3840
134 118 156 172 L
281 117 420 174 ARGVM.
440 115 658 172 ORATIONVM
676 116 860 172 BREVITER
879 116 1003 172 Dasea.

136 262 269 329 επάνιον
299 267 404 328 τοῦτο.
449 262 533 327 ἴδιον
564 264 600 327 δὲ
623 263 817 343 Ὑπερείδου
848 265 885 327 τὸ
914 264 966 328 καὶ
995 268 1065 328 roric
1093 266 1145 330 λέ-

137 358 218 418 ξεειν
264 350 491 432 ἀφειδέετερόν
537 373 606 416 πωε
652 354 703 417 καὶ
748 350 958 431 ἀμελέετερον
1004 358 1147 433 χρῆεθαι,

137 440 243 521 ὥςπερ
280 441 360 506 ὅταν
397 441 619 520 μονώτατο(
656 443 733 524 λέγῃ
770 442 822 504 καὶ
857 440 1058 519 γαλεάγρα
1095 445 1148 506 καὶ

135 531 375 597 ἐκκοκκύζειν
395 531 446 595 καὶ
473 530 776 608 ἐετηλοκόπηται
799 531 851 593 καὶ
878 531 1073 609 ἐπήβολος
1094 533 1148 594 καὶ

134 617 194 683 hcc
216 624 356 685 τοιαῦτα.

224 712 346 783 Quintil.
364 712 438 772 Inst.
462 730 504 773 cr.
523 712 559 789 X,
581 715 607 786 1,
627 714 683 771 77:

225 802 328 861 Dulcis
352 801 384 860 in
401 801 506 878 primis
525 804 556 860 et
575 803 681 860 acutus
702 797 880 877 Hyperides,
904 800 956 860 sed
979 801 1148 862 minoribus

136 890 243 968 causis,
266 893 383 949 utnon
407 889 532 949 dixerim
554 889 667 967 utilior,
691 888 788 967 magis
810 908 874 966 par.

257 1275 638 1354 ARGVMENTA
667 1275 1027 1353 ORATIONVM

310 1401 607 1476 BREVITER
634 1400 972 1476 DESCRIPTA.

589 1546 696 1553 ——-

223 1633 271 1696 Or.
289 1636 312 1696 Ι.
359 1637 574 1697 Demosthenes
598 1657 691 1714 quum
714 1635 804 1713 vulgo
828 1653 986 1693 munerum
1009 1635 1045 1694 ab
1065 1635 1146 1694 Har·

132 1727 201 1802 palo
215 1729 407 1802 acceptorum
420 1730 607 1802 argueretur,
621 1726 807 1804 rogationem
820 1723 894 1782 tulit
907 1726 943 1782 ut
952 1722 1141 1804 Areopagus,

133 1816 182 1874 cui
203 1815 303 1891 priore
325 1816 506 1891 populiscito
530 1816 566 1874 de
590 1816 671 1873 omni
688 1813 817 1891 pecunia
838 1811 978 1889 Harpali,
1002 1833 1079 1889 qnae
1107 1815 1144 1873 de

135 1922 249 1963 summa
273 1902 382 1980 decrat,
406 1903 540 1979 quaestio
564 1904 744 1962 demandata
762 1904 835 1978 crat,
859 1901 895 1959 dc
915 1919 946 1960 se
964 1902 1145 1962 nominatim

136 1994 307 2069 quaereret,
340 1991 447 2066 capitis
479 2011 607 2068 poenam
639 1992 696 2051 sihi
727 1992 879 2068 irrogans,
917 1990 943 2048 ai
966 1991 1145 2067 Areopagus

136 2098 232 2140 noxae
256 2097 287 2138 se
315 2081 508 2155 coarguisset.
554 2080 756 2156 Areopagitae
784 2079 837 2138 diu
865 2080 997 2138 cunctati
1024 2081 1147 2139 tandem

136 2167 172 2227 de
201 2168 244 2227 eis
272 2167 324 2244 qui
351 2186 476 2227 munera
509 2169 692 2246 accepissent
721 2169 758 2227 ad
790 2168 938 2244 populum
968 2169 1148 2242 retulerunt,

135 2257 215 2315 inter
233 2274 307 2333 quos
321 2255 537 2317 Demosthenes
551 2258 606 2316 XX
620 2259 768 2316 talentum
786 2255 906 2315 nomine
925 2257 1056 2332 scriptus
1072 2260 1146 2319 erat.

136 2345 242 2421 Itaque
266 2343 302 2404 de
322 2364 356 2404 eo
376 2346 541 2423 ceterisque
560 2367 596 2407 ex
613 2346 793 2423 populiscito
812 2344 958 2403 iudicium
981 2347 1145 2405 exercitum

136 2437 189 2512 est,
213 2433 296 2492 mille
315 2434 486 2510 quingentis
505 2435 714 2511 iudicantibus,
739 2432 962 2493 accusatoribus
982 2425 1086 2494 decern
1108 2455 1144 2495 ex

135 2542 217 2582 more
241 2523 421 2583 constitutis.
467 2524 551 2584 Inter
573 2543 648 2601 qnos
672 2543 739 2583 curn
762 2523 787 2580 is
811 2523 878 2597 fuit,
901 2522 951 2581 cui
974 2522 1144 2584 Dinarchus

135 2611 301 2672 orationem
333 2612 430 2672 adhuc
462 2616 612 2674 servatam
644 2611 837 2688 conscripsit,
869 2613 935 2668 tum
967 2610 1148 2690 Hyperides,

135 2701 233 2758 iratus
256 2699 452 2760 Demostheni
475 2703 553 2779 quod
571 2703 757 2778 praeclaram
781 2699 965 2759 occasionem
982 2684 1062 2760 helli
1083 2721 1148 2760 una

136 2807 204 2847 curn
219 2789 350 2864 Harpalo
370 2793 473 2850 contra
491 2790 696 2850 Alexandrum
715 2787 895 2864 suscipiendi
913 2788 999 2864 regia
1017 2792 1146 2865 pecunia

136 2880 294 2953 corruptus
314 2897 329 2937 e
348 2879 486 2939 manibus
504 2879 660 2939 emisisset.
696 2879 845 2936 Damnate
864 2875 1074 2953 Demostheni,
1095 2879 1148 2956 qui

135 2967 250 3042 primus
281 2966 314 3025 in
340 2967 484 3026 iudicium
506 2968 601 3042 venit,
634 2967 730 3026 multa
751 2967 776 3024 L
799 2964 948 3024 talentum
981 2967 1064 3026 dicta
1092 2972 1148 3046 est,

135 3074 225 3131 quam
249 3074 318 3115 curn
340 3056 455 3116 solvere
477 3075 537 3116 non
555 3059 657 3132 posset
675 3056 706 3114 in
726 3054 848 3115 exilium
867 3053 951 3114 abiit.
997 3056 1077 3115 Acta
1098 3076 1146 3117 res

137 3145 176 3204 cl.
196 3146 268 3220 114,
289 3147 360 3218 1,a.
382 3146 445 3203 324
465 3163 491 3204 a.
511 3143 578 3204 Ohr.
598 3146 724 3204 excunte
747 3143 796 3204 vel
820 3143 883 3201 323
906 3141 1038 3203 ineunte.

137 3330 214 3384 Brut.
229 3336 290 3385 285.
306 3361 338 3370 -
358 3328 525 3396 Quintiliani
543 3331 690 3400 praetcrea
708 3328 834 3385 conferas
853 3327 947 3382 locum
965 3329 1025 3398 XII,
1042 3338 1084 3398 10,
1099 3337 1145 3399 22;

137 3399 327 3454 Romanorum
349 3399 468 3454 aliorum
489 3400 576 3458 Tacit.
591 3401 701 3470 Dialog.
718 3420 740 3457 e.
756 3405 803 3467 253
826 3398 897 3454 Plin.
912 3398 1003 3468 Epist.
1018 3402 1043 3471 l,
1058 3408 1102 3470 20,
1117 3409 1146 3470 4;

136 3471 248 3526 Patron.
268 3473 321 3526 sat.
340 3477 393 3526 o.2
414 3472 495 3543 (Bu).
