2392 3840
116 126 204 180 XLVI
424 122 472 177 DE
490 121 573 177 HYP.
592 119 825 186 ELOQVENTIA

117 275 289 351 διηγεῖςθαι
312 270 352 335 τὰ
375 271 572 349 πραχθέντα,
596 268 648 332 καὶ
665 268 792 331 τούτοις
811 267 870 332 οὐκ
888 267 1036 344 ἐνοχλεῖν
1054 268 1131 330 τοὺς

64 379 98 428 ατ
117 360 270 426 δικαςτάς.
297 395 335 406 -
366 360 513 439 ἐπέμφθη
542 358 578 421 δὲ
607 357 658 420 καὶ
685 357 766 435 πρὸς
790 355 933 422 Ἠλείου(
967 353 1129 432 ἀπολογη-

121 450 253 529 ςόμενος
277 448 357 528 ὑπὲρ
382 448 569 513 Καλλίππου
593 449 651 510 τοῦ
679 444 832 525 ἀθλητοῦ,
865 445 998 523 έχοντος
1027 444 1131 508 αἰτίαν

64 557 98 607 28
120 543 251 618 φθεῖραι
274 539 331 602 τὸν
355 536 475 615 ἀγῶνα,
499 537 550 600 καὶ
573 535 703 614 ἐνίκηςε.
727 571 770 581 -
793 534 1000 613 γραψάμενος
1020 535 1056 597 δὲ
1080 535 1131 597 καὶ

116 631 174 707 τὴν
205 627 378 694 Φωκίωνος
401 624 541 704 δωρεάν,
565 627 605 704 ἣν
629 621 698 688 είπε
723 623 856 688 Μειδία(
881 622 1013 687 Μειδίου
1038 619 1129 686 Ἀνα-

114 717 262 795 γυράςιος
286 714 341 780 ἐπ’
365 714 562 780 Εὐξενίππου
587 712 757 792 ἄρχοντος,
783 714 985 791 Γαμηλιῶνος
1009 711 1128 792 ἑβδόμῃ

115 806 297 885 φθίνοντος,
319 805 446 884 ἡττήθη.

515 928 728 936 ———

198 1089 276 1164 DE
304 1087 627 1164 HYPERIDIS
654 1086 1043 1182 ELOQVENTIA

449 1240 589 1296 τνοιοτλ
608 1241 794 1298 varonum.

202 1429 366 1507 Dionysius
391 1422 547 1504 Ἀρχαίων
571 1424 665 1502 κρίςις
684 1429 720 1504 V,
742 1421 936 1511 6(qui1iber
955 1448 971 1488 e
990 1428 1128 1506 Dionysii

114 1514 186 1592 περὶ
210 1516 364 1593 μιμήςεως
387 1517 601 1578 commentario
625 1518 754 1578 seeundo
778 1520 935 1595 excerptus
959 1513 1028 1594 est):

202 1603 239 1668 ‘0
263 1605 299 1668 δὲ
322 1603 515 1682 Ὑπερείδης
539 1602 690 1680 εὔςτοχος
708 1605 775 1682 μέν,
799 1603 932 1668 ςπάνιον
956 1600 984 1665 δ’
1003 1603 1127 1681 αὐξητι-

114 1691 185 1757 κός·
218 1693 270 1757 καὶ
291 1698 330 1778 τῇ
359 1694 416 1772 μὲν
439 1697 496 1772 τῆς
519 1691 667 1770 φράςεως
694 1699 867 1777 καταςκευῇ
891 1691 1006 1757 Λυςίαν
1029 1691 1125 1770 ὑπερ-

113 1865 199 1919 supra
221 1849 314 1903 attuli.
335 1879 367 1888 —
387 1853 460 1913 §aa
483 1847 603 1904 Pausan.
623 1847 657 1915 V,
672 1853 714 1915 21,
730 1853 760 1903 t:
783 1852 866 1916 φαςίν
890 1848 1036 1916 Ἀθηναῖον
1062 1850 1127 1903 Κάλ-

112 1925 192 1975 λιπον
211 1922 368 1988 ἀθλήςαντα
385 1921 541 1975 πένταθλον
562 1921 745 1986 ἐξωνήςαςθαι
763 1923 830 1974 τοὺς
849 1920 1127 1986 ἀνταγωνιουμένους

111 1993 241 2060 χρήματι,
264 1991 398 2057 δευτέραν
417 1992 448 2044 δὲ
466 1991 511 2044 ἐπί
528 1997 588 2045 ταις
607 1991 737 2045 δέκακαὶ
756 1993 856 2046 ἑκατὸν
879 1992 1036 2058 ὀλυμπιάδα
1055 1994 1125 2045 εἶναι

112 2063 228 2128 ταύτην.
257 2061 444 2128 ἐπιβληθείςης
458 2062 488 2115 δὲ
501 2067 543 2130 τῷ
559 2061 704 2132 Καλλίππῳ
719 2066 764 2117 καί
781 2069 841 2117 τοῖς
859 2064 1127 2129 ἀνταγωνιςαμένοις

112 2133 210 2200 ζημίας
222 2133 277 2186 ὑπὸ
292 2131 415 2200 Ἠλείων,
435 2132 644 2187 ἀποςτέλλουςιν
660 2133 823 2201 Ὑπερείδην
839 2135 979 2202 Ἀθηναῖοι
997 2134 1126 2188 πείςοντα

114 2202 237 2258 Ἠλείους
254 2202 367 2271 ἀφεῖναί
385 2219 455 2271 ςφιςι
472 2206 526 2270 τὴν
549 2204 657 2271 Ζημίαν.
694 2206 911 2259 ἀπειπόντων
935 2207 969 2259 δέ
990 2205 1125 2259 Ἠλείων

110 2277 174 2342 τὴν
192 2275 291 2342 χάριν
310 2275 364 2328 κτέ.
393 2272 467 2328 Hine
486 2276 611 2344 apparet,
630 2275 733 2329 falsum
752 2292 813 2330 esse
833 2275 908 2344 quod
927 2275 1009 2330 addit
1021 2276 1124 2344 biogrz

111 2348 156 2399 καί
180 2345 293 2413 ἑνίκηςε.
313 2376 347 2385 -
370 2350 443 2411 §28-
467 2347 514 2401 ἐπ’
533 2347 703 2402 Εὐξενίππου
727 2346 859 2402 Schaefer
883 2347 1056 2401 emendavit:
1082 2349 1126 2401 ἐπί

111 2416 211 2470 Ξενίου
234 2414 310 2470 libri.
348 2416 382 2471 of.
406 2415 509 2473 Philol.
527 2416 578 2485 lx,
599 2423 649 2473 163
660 2434 720 2485 sqq.
745 2418 842 2486 itaque
868 2418 942 2472 idem
969 2416 1125 2488 Glaucippo

111 2485 261 2556 Hyperidis
284 2486 344 2541 filio
366 2488 440 2542 hano
463 2487 619 2542 orationem
642 2488 745 2544 tribuit
767 2489 830 2544 coll.
850 2489 923 2544 Plut.
944 2488 1027 2544 Phoe.
1043 2494 1071 2544 4:
1102 2491 1126 2544 εί

111 2559 164 2682 rgo
177 2557 405 2684 &ivgffhamignj’
424 2561 578 2685 godwin
604 2561 769 2686 ’ίίὲομενειίαί
793 2564 987 2686 δοιδυκοπςίὖοθ
1011 2563 1124 2686 πατρὸς,

110 2647 167 2755 isi
184 2647 335 2770 ἀλλ
354 2649 512 2768 λίπει»,
530 2647 684 2769 „utut
705 2650 788 2700 ”⁰⁹⁰
807 2637 931 2698 “Nm'‘
957 2637 1034 2687 (καὶ
1053 2650 1125 2701 ‘⁰²¹'

181 2840 381 2924 antiquiorum
403 2841 538 2913 Dionysio
563 2842 728 2912 scriptorum
753 2842 922 2899 Graecorum
940 2862 1024 2913 unus,
1049 2843 1124 2913 quod

110 2931 161 2969 nos
178 2930 308 2981 amamus,
326 2913 485 2969 Demetrius
499 2914 617 2983 Magnes
633 2930 676 2984 ap.
691 2914 804 2984 Dionys.
819 2915 883 2972 Diu.
900 2922 913 2968 1
929 2932 1017 2985 genus
1031 2916 1124 2986 Hype-

109 2985 179 3040 ridis
195 2985 373 3054 eloquentiae
388 2983 514 3054 attingit,
528 2985 563 3039 de
576 2984 718 3040 Dinareho
733 2986 842 3041 dicens:
862 2989 917 3041 ἔςτι
930 2988 1027 3041 τοίνυν
1042 2989 1125 3042 οὗτος

111 3089 142 3096 -
163 3059 246 3140 οὐδὲν
265 3057 423 3139 ἀπολείπων
440 3061 492 3137 τῆς
512 3057 672 3179 ᾱὙπερείδου
692 3060 812 3141 χάριτος..
846 3057 929 3126 Apud
947 3060 1039 3127 ipsum
1057 3058 1124 3112 Dio·

109 3129 519 3281 uetustatem
532 3128 1123 3270 ttstetu}attentius·

110 3271 233 3337 ant1qu1s
259 3270 431 3339 oratombns,
456 3287 560 3340 quippe
583 3286 667 3339 quem
690 3273 940 3342 praestantissimis
965 3272 1122 3327 oratoribus

110 3356 157 3393 sex
184 3340 389 3424 adnumeraret.
426 3341 460 3397 cf.
480 3359 508 3423 π,
527 3361 551 3424 τ.
576 3343 637 3410 ἀρχ.
656 3346 717 3411 ῥητ.
741 3360 863 3413 prooem.
890 3361 912 3399 ο.
932 3348 962 3412 4;
989 3343 1024 3397 de
1052 3343 1121 3397 Isae.

110 3415 192 3478 extr.;
216 3410 251 3465 de
269 3411 400 3468 Dmarch.
421 3417 473 3469 e.1
494 3414 555 3468 rmt.
576 3444 608 3453 -
628 3414 768 3485 εθςτοχος]
792 3418 907 3469 εὔτονος
928 3413 1038 3469 Monac.
1057 3415 1121 3469 fort.

106 3483 199 3548 reeta·
229 3481 263 3536 of,
284 3485 368 3538 antea
391 3488 423 3551 ξς
439 3490 463 3539 4.
483 3487 508 3540 5.
529 3516 561 3526 -
582 3484 693 3557 Λυςίαν]
718 3485 752 3540 ef.
778 3485 812 3540 de
835 3484 899 3541 Din.
924 3503 947 3542 e.
963 3492 991 3540 δε
1018 3492 1070 3541 roo
1099 3484 1121 3540 δ’
