2392 3840
127 119 191 175 LIV
271 117 410 176 ARGVM.
432 118 651 175 ORATIONVM
670 117 855 173 BREVITER
872 117 1007 174 Dasea:

130 270 229 348 fuerit,
252 272 353 329 tamen
381 270 430 330 vel
457 269 549 345 triplo
577 271 626 331 vel
654 269 822 347 quadruplo
850 269 1019 345 longiorem
1052 290 1142 348 quam

129 378 208 419 nunc
232 361 277 419 est
300 359 393 418 fuisse
416 361 595 436 putaverim.
640 360 687 418 Ne
709 358 865 434 inscriptio
889 358 1011 434 quidem
1035 363 1142 439 exstat,

128 449 286 525 ipsumque
300 448 344 507 rei
361 467 469 507 nomen
484 449 604 508 nonnisi
618 451 753 525 exparte
768 451 921 508 servatum
935 441 1007 528 (col.
1022 449 1052 523 4,
1069 441 1139 529 14);

128 557 226 615 neque
250 540 352 597 tamen
375 536 508 596 dubitari
530 541 631 613 potest
659 556 722 597 esse
750 537 788 596 ab
813 536 927 596 editore
951 536 1088 614 principe
1112 540 1142 597 et

128 628 184 687 hoc
219 629 300 686 recte
334 625 509 685 restitutum
546 629 576 686 st
610 626 775 686 orationem
802 625 949 702 Hyperidi
985 625 1143 700 tributam,

130 716 215 776 cuius
260 714 354 774 fuisse
397 714 562 774 orationem
608 710 688 775 κατὰ
729 711 922 775 Φιλιππίδου
968 713 1143 775 Athenaeus

128 806 217 864 testis
241 808 295 863 est.

219 891 267 953 Or.
286 891 323 951 V.
363 891 574 970 Athenogenes
602 891 765 969 inquilinus
791 892 997 968 Atheniensis,
1020 894 1143 953 natione

129 982 309 1060 Aegyptius,
328 983 449 1057 praeter
469 983 565 1040 artem
584 975 795 1056 λογογράφου
814 981 1046 1058 unguentariam
1067 983 1144 1041 anti·

131 1071 233 1148 quitus
266 1069 425 1128 exercebat
458 1069 649 1148 habebatque
680 1070 713 1129 in
744 1071 809 1130 foro
837 1070 979 1129 tabernas
1007 1090 1142 1149 unguen-

130 1159 223 1219 tarias
251 1161 322 1218 tres.
368 1157 404 1215 In
431 1176 558 1233 quarum
586 1178 646 1218 una
675 1177 795 1219 servum
823 1177 911 1218 suum
933 1158 1049 1218 Midam
1076 1179 1143 1220 con·

131 1248 272 1308 stituerat
296 1248 535 1323 procuratorem,
563 1249 612 1306 eui
639 1251 725 1308 erant
751 1248 807 1306 filii
834 1250 895 1307 tres
923 1248 1143 1308 adulescentuli

130 1337 266 1414 puerine.
316 1334 381 1394 Iam
417 1354 485 1395 cum
514 1336 707 1397 Atheniensis
738 1337 872 1415 quidam,
905 1336 953 1394 cui
986 1337 1143 1413 Epicrates

129 1444 238 1485 nomen
267 1424 361 1484 fuisse
384 1424 505 1484 videtur
529 1418 572 1506 (r.
595 1419 806 1504 col.11,17),
829 1427 917 1485 homo
940 1443 1038 1502 neque
1062 1426 1143 1487 dives

129 1534 227 1592 neque
257 1513 388 1590 sapiens,
418 1513 451 1572 in
472 1533 605 1575 amorem
631 1517 717 1592 pueri
745 1514 800 1573 filii
823 1514 921 1573 Midae
948 1508 1142 1597 meruissem)

130 1623 257 1681 eumque
284 1603 322 1663 ab
345 1601 543 1680 Athenogene
576 1623 672 1664 emere
695 1605 888 1664 vehementer
920 1607 1058 1683 cuperet,
1090 1605 1140 1664 ille

129 1713 189 1770 qua
212 1697 277 1753 erat
300 1691 414 1753 astutia
437 1694 617 1770 adiutusque
641 1694 678 1752 ab
698 1693 851 1770 Antigona
869 1692 1026 1752 meretrice
1049 1694 1143 1753 homi·

129 1801 198 1842 nem
229 1784 299 1858 post
334 1781 449 1842 multas
487 1783 692 1843 contentiones
729 1782 948 1857 dilationesque
981 1799 1016 1841 eo
1050 1801 1142 1859 usque

129 1872 272 1948 perpulit,
291 1875 326 1930 ut
341 1890 411 1929 cum
425 1871 539 1931 amasio
558 1871 650 1930 etiarn
667 1873 785 1946 patrem
803 1870 971 1947 fratresque
991 1870 1057 1930 eius
1077 1890 1143 1930 cum

129 1961 196 2037 ipsa
225 1960 352 2019 taberna
382 1977 509 2036 aereque
539 1961 619 2036 quod
651 1959 779 2019 debebat
806 1959 903 2018 Midas
934 1958 1032 2018 alieno
1062 1960 1143 2019 iusta

130 2049 281 2124 emptione
295 2047 347 2104 XL
366 2045 455 2106 minis
474 2048 650 2124 acquireret.
687 2047 841 2118 Quantum
860 2049 962 2106 autern
983 2047 1142 2109 deberetur

131 2137 217 2215 aeris,
240 2154 336 2213 neque
358 2135 550 2212 praedixerat
574 2136 791 2215 Athenoganes
808 2156 906 2214 neque
925 2140 1044 2212 emptor
1066 2138 1141 2196 mul-

129 2228 196 2284 tum
219 2228 391 2296 curaverat,
425 2226 478 2285 ssd
509 2230 669 2304 postquam
692 2245 728 2284 ex
760 2226 892 2304 agricola
922 2227 1141 2302 unguentarius

129 2315 229 2374 factus
253 2317 307 2392 est,
339 2313 420 2374 intra
450 2317 512 2375 tres
544 2334 661 2376 menses
694 2315 835 2392 cognorit
865 2333 897 2373 se
926 2314 1059 2390 quinque
1081 2315 1141 2374 fere

131 2405 247 2462 talenta
269 2403 384 2464 dobere.
430 2404 496 2464 Iam
514 2424 583 2465 cum
605 2403 772 2464 rescindere
795 2403 888 2464 vellet
905 2404 1085 2479 pactionem,
1108 2404 1138 2463 id

131 2510 319 2570 nequaquam
346 2493 384 2552 ab
407 2492 604 2570 Athenogene
628 2494 791 2569 impetrare
818 2491 931 2568 potuit,
960 2493 1014 2551 sed
1041 2493 1073 2551 in
1096 2493 1141 2552 ius

130 2581 217 2640 illum
240 2600 346 2642 vocare
370 2586 492 2642 coactus
516 2585 571 2644 est.
615 2583 709 2641 Nulla
736 2601 807 2642 vero
842 2579 979 2639 exstabat
1011 2581 1061 2640 lex
1083 2601 1140 2658 qua

131 2671 175 2730 ita
199 2671 288 2730 inniti
306 2674 409 2748 posset
427 2674 464 2730 ut
481 2671 609 2730 firmiter
632 2673 727 2730 staret
746 2669 907 2744 accusatio,
931 2687 998 2728 oum
1017 2689 1073 2745 pro
1092 2689 1139 2729 reo

131 2759 250 2819 adesset
272 2761 320 2819 lex
344 2779 474 2836 eaquae
494 2758 649 2836 pactiones
667 2759 802 2836 privatas
825 2762 907 2817 ratas
926 2776 990 2816 esse
1010 2759 1141 2818 iubebat

130 2849 220 2910 Aetio
249 2849 342 2910 luisse
369 2849 492 2910 videtur
521 2840 638 2924 βλάβη(
666 2848 747 2925 apud
768 2847 821 2907 XL
845 2847 938 2924 viros,
972 2848 1140 2907 aestimatio

131 2942 234 2999 autem
261 2939 324 2998 litis
353 2932 505 3016 (τίμημα)
537 2936 668 3014 quinque
695 2938 823 3015 talenta,
852 2936 877 2996 si
905 2936 1065 2996 damnatus
1098 2938 1142 2996 est

130 3029 356 3106 Athenogenes,
387 3027 523 3103 profecto
556 3027 727 3102 pactionem
758 3025 927 3085 rescindere
965 3044 1056 3101 qnam
1088 3025 1140 3084 illa

131 3118 245 3179 solvere
264 3116 381 3175 maluit.
427 3115 480 3174 Bis
500 3117 601 3174 autern
619 3115 650 3174 in
668 3116 725 3174 hac
744 3134 836 3174 causa
855 3116 892 3174 ab
910 3115 1040 3190 utraque
1057 3117 1141 3191 parte

202 3269 229 3335 *)
252 3266 293 3321 De
318 3283 410 3320 amore
435 3281 484 3320 suo
508 3268 654 3321 accusator
681 3265 809 3336 pluribus
832 3263 902 3319 locis
925 3264 1065 3333 loquitur,
1093 3265 1140 3318 sed

130 3354 268 3407 nusquam
295 3337 326 3391 in
348 3338 429 3406 parte
458 3337 592 3391 orationis
619 3336 769 3408 superstite
793 3336 897 3390 diserte
925 3336 1034 3390 indicat
1062 3353 1141 3405 quem

131 3407 447 3536 ppppppvcpladamaverit.
476 3407 615 3478 Cognovit
628 3425 688 3464 rem
705 3408 811 3478 primus
826 3406 945 3462 Weilius
960 3424 1025 3462 cum
1038 3406 1141 3462 Theod.
