2392 3840
139 139 201 204 122
504 142 775 198 ΑΠΟΕΠΑΕΜΑΤΙΑ

138 286 306 351 Antiattio.
339 285 374 350 B.
398 280 436 351 Α.
467 287 548 370 112,
578 287 628 352 10.
664 324 701 334 -
734 284 935 372 προέπεσον·
978 294 1150 368 προπετῶε

137 377 297 456 ἐποίηταν.
342 375 420 440 Ὑπ.
440 375 534 441 Phot.
554 397 578 439 s.
598 398 626 440 v.

82 557 160 597 mx
246 535 298 600 LI.
328 537 437 602 ΥΠΕΡ
462 537 633 602 (ΙΜΜΙΟΥ
656 536 765 602 ΠΡΟ(
788 538 954 602 ΠΥΘΕΑΝ
984 540 1042 604 ΚΑΙ

516 624 765 691 ΛΥΚΟΥΡΓΟΝ.

82 773 121 813 189
226 750 298 815 162.
322 747 561 832 ἐπιχειροτονία
579 752 598 829 ἡ
613 754 679 814 τῶν
698 754 934 829 χειροτονητῶν
950 751 1150 834 (ἀρχόντων)

136 838 334 903 κατάεταειε·
379 839 454 902 Ὑπ.
479 840 584 923 ἐντῷ
608 842 671 903 κτλ.
717 837 818 922 Harp.

82 1020 175 1063 xuxb
332 997 401 1062 LII.
423 1000 512 1064 ΠΕΡΙ
537 998 618 1065 ΤΩΝ
643 998 884 1064 (ΤΡΑΤΗΓΩΝ.
909 997 956 1087 (ἀ)

83 1148 121 1188 ιοο
226 1120 274 1187 cf.
293 1121 359 1186 vit.
379 1121 409 1186 X
433 1145 477 1187 or.
502 1147 531 1206 p.
551 1124 615 1188 848
636 1122 679 1187 D:
701 1124 753 1187 καὶ
776 1125 848 1201 περὶ
870 1127 937 1188 τῶν
962 1129 1149 1205 ετρατηγῶν

136 1211 182 1276 ὧν
205 1213 271 1296 ᾔτει
297 1209 509 1294 (Alexander)
533 1211 612 1290 παρ’
636 1210 811 1291 Ἀθηναίων
834 1211 975 1291 ἀντεῖπε,
1000 1215 1054 1278 καὶ
1077 1216 1150 1293 περὶ

135 1305 200 1364 τῶν
236 1304 381 1380 τριήρων.
433 1299 521 1364 Num
559 1301 681 1383 scripta
717 1302 877 1365 estiterit
914 1301 996 1366 haec
1034 1305 1148 1387 oratio,

134 1389 294 1454 incertum
318 1397 376 1454 est.

100 1519 119 1557 τ.
442 1495 528 1560 LIII.
558 1496 837 1562 (YNHI'OPIKOC.

82 1644 119 1683 ιοι
225 1621 296 1685 163.
333 1623 417 1701 πλὴν
450 1618 563 1685 Ἰεαῑοε
595 1622 646 1684 καὶ
678 1620 752 1685 Ὑπ.
783 1624 841 1685 τὸν
877 1621 1008 1704 πράτην
1047 1621 1148 1688 εἷπον.

134 1709 213 1776 Poll.
238 1709 317 1792 VII,
341 1710 370 1774 8.
396 1746 434 1757 -
459 1710 535 1773 Ὑπ.
564 1711 600 1773 δὲ
630 1710 682 1774 καὶ
713 1710 841 1795 προίτην
873 1709 999 1790 εἴρηκεν
1033 1713 1070 1776 ἐν
1103 1717 1149 1795 τῷ

135 1804 337 1884 ευνηγορικῷ.
385 1797 426 1865 id.
449 1797 508 1882 111,
534 1797 606 1864 125.

88 1980 119 2019 LI
395 1956 478 2023 LIV.
508 1959 616 2024 ΠΡΟ(
640 1958 885 2024 ΤΙΜΑΝΔΡΑΝ.

80 2105 118 2144 193
225 2082 297 2147 164.
321 2081 507 2166 παιδάριον.
553 2083 592 2146 οὐ
621 2082 721 2160 μόνον
749 2084 802 2147 ἐπὶ
828 2086 894 2147 τῶν
923 2081 1072 2163 ἀρρένων
1096 2087 1147 2150 κέ-

134 2191 265 2250 χρηνται
287 2176 333 2254 τῷ
358 2171 490 2248 ὀνόματι
509 2171 540 2235 οἱ
559 2171 700 2251 ῥήτορες,
720 2171 872 2236 ἀλλὰκαὶ
891 2173 944 2236 ἐπὶ
964 2175 1146 2251 παρθένων.

132 2261 207 2324 Ὑπ.
240 2261 276 2323 ἐν
308 2265 354 2342 τῷ
387 2262 468 2337 πρὸ(
500 2261 551 2325 Τ.·
587 2258 891 2342 Καταίειφθέντων
913 2260 977 2343 γάρ
1005 2264 1148 2346 τούτων,

134 2349 231 2413 δυοῖν
263 2348 424 2427 ἀδελφοῖν
455 2346 511 2412 καί
548 2349 645 2413 δνοῖν
682 2348 859 2431 ἀδείφαῖν,
898 2348 1060 2433 ὀρφανῶν
1091 2350 1148 2416 καὶ

132 2438 214 2587 {vobs
242 2437 366 2516 πατρὸς
392 2433 446 2501 καὶ
474 2438 557 2522 πρὸς
585 2437 706 2521 μητρὸς
733 2436 788 2502 καί
815 2439 1011 2522 παιδαρίων.
1060 2439 1147 2506 Suid.

80 2636 118 2675 ιον
154 2527 500 2695 ’2ἕ1615ξ7.Καθάπερ
529 2615 547 2680 ὁ
578 2621 634 2695 τῆ(
662 2615 841 2695 Τιμάνδρα(
873 2622 1064 2696 κατηγορῶν
1102 2619 1146 2684 ὡς

132 2704 383 2782 πεπορνευκυία(
406 2707 465 2784 τὴν
489 2705 639 2770 λεκανίδα
667 2706 718 2769 καὶ
744 2707 820 2769 τοὺς
849 2704 987 2784 ὀβολοὺς
1011 2708 1064 2772 καὶ
1087 2711 1146 2788 τὴν

132 2792 250 2871 ψίαθον
277 2795 329 2857 καὶ
359 2796 484 2874 πολλήν
511 2815 582 2858 τινα
612 2794 763 2872 τοιαύτην
793 2794 972 2874 δυεφημίαν
1006 2795 1146 2876 ἑταιρῶν

132 2884 286 2962 κατήραεε
309 2887 367 2947 τοῦ
391 2883 599 2961 δικαττηρίον.
645 2882 737 2947 Dem.
761 2905 791 2946 π.
817 2883 881 2961 ἑρμ.
906 2885 926 2962 5
950 2883 1026 2948 302.

204 3079 253 3126 162
274 3074 389 3140 (υμμίοιι
408 3072 481 3141 AId.‚
501 3074 613 3141 (ημείου
632 3075 663 3142 Β,
683 3073 776 3140 (ιμίου
795 3073 878 3129 Dind.
894 3106 926 3113 —
947 3073 1016 3129 LIV.
1037 3077 1062 3130 εἰ
1080 3081 1146 3144 γνή-

131 3163 185 3199 cmc
208 3145 271 3198 add.
292 3145 331 3212 S„
355 3145 471 3214 propter
488 3143 541 3212 frg.
561 3150 620 3200 165.
640 3177 674 3186 —
695 3152 746 3200 164
768 3147 924 3213 Τιμάνδραν
948 3146 1146 3203 Hemsterhus.

130 3217 177 3284 (ad
196 3218 242 3270 Ar.
257 3215 329 3271 Plut.
349 3234 376 3285 p.
392 3218 450 3284 59);
469 3215 624 3282 Τίμανδρον
643 3216 717 3270 libri.
732 3248 766 3256 -
786 3218 1044 3286 καταλλαχθέντων,
1065 3223 1145 3274 δυαῑν

131 3288 273 3355 ἀδελφοῖν,
293 3289 440 3355 δρφαναῖν,
459 3290 504 3340 καί
521 3288 674 3354 παιδαρίων
692 3289 800 3342 παίδων
819 3287 900 3342 codd.
921 3319 954 3327 -
974 3291 1020 3342 καί
1040 3293 1147 3359 μητρὸς

130 3357 163 3410 V.
188 3387 222 3395 -
249 3358 404 3427 παιδαρίων
427 3358 553 3413 ἀπαίδων
577 3357 670 3412 deleto
695 3361 739 3413 καί
763 3360 789 3414 S.
813 3390 849 3398 -
873 3363 924 3412 165
953 3359 1008 3413 huc
1031 3361 1146 3416 rettulit

131 3426 288 3482 Hemsterh.
305 3459 336 3468 -—
353 3432 368 3482 ὁ
383 3434 434 3496 τῆς
447 3431 603 3496 Τιμάνδρα(
615 3448 647 3483 n:
662 3431 677 3483 δ
691 3435 742 3497 τῆς
755 3433 915 3498 τημανδραε
927 3429 980 3495 rR3
996 3433 1040 3486 ὅτι
1055 3435 1090 3488 ἀν
1104 3450 1146 3488 τιε

128 3503 180 3566 τῆς
188 3500 316 3566 μάνδρατ
327 3499 407 3555 vind.
424 3531 456 3540 -
472 3503 590 3570 ἑταιρῶν
605 3500 760 3557 Victorius:
779 3501 897 3568 ἑταίρων
916 3519 953 3568 ιιι,
971 3501 1074 3558 relicui
1089 3522 1143 3560 om.
