2392 3840
471 126 677 182 PRAEFATIO
990 127 1081 183 XXIX

64 282 202 358 profero:
226 298 281 355 pro
300 273 355 336 ὑπ’
369 272 580 350 Ἀλεξάνδρου
599 278 656 336 τοῦ
676 274 708 338 ἐξ
725 272 812 351 Οἴου,
837 279 917 353 quod
930 284 1081 339 corrector

65 370 159 445 dedit,
184 388 203 427 a
223 367 324 444 prima
342 385 433 425 manu
450 359 634 447 roueliouou
657 367 688 424 in
707 367 807 425 codice
827 368 992 444 exstitiss03
1014 373 1080 427 tum

64 459 230 530 πλεοναεη
250 475 305 532 pro
325 450 487 533 ulqcrdcq,
506 454 688 529 πολυτιμωε
707 474 761 531 pre
781 450 965 530 φιλοτίμως,
989 472 1079 516 ουτε·

64 551 192 608 θεωνο(
214 564 271 621 pro
299 539 374 604 οὔτε
397 539 504 616 ἔθνος,
533 538 636 603 δίκαια
658 563 713 620 pro
737 549 870 604 correcto
894 541 933 603 τὰ
961 542 1079 618 παιδία,

65 638 187 713 aliaque
211 633 379 708 complura,
407 652 484 710 quae
511 633 662 691 inscitiam
689 634 805 692 librarii
832 634 906 693 satis
934 652 1080 710 superque

66 727 211 804 arguunt
258 722 301 780 At
331 722 532 798 interpolatus
568 722 827 797 interpretationis
862 741 954 782 causa
989 722 1082 781 codex

66 814 190 874 omnino
208 831 271 870 non
289 806 383 889 est*)‚
403 828 472 869 cum
488 829 584 886 neque
604 811 787 870 scholiorum
804 813 966 889 vestigium
985 815 1082 870 exstet

66 922 166 981 neque
197 918 326 977 usquam
355 901 418 958 tale
453 899 568 975 aliquid
598 903 765 959 correctum
795 900 847 959 sit:
884 920 953 959 nam
990 901 1081 959 etiam

66 992 149 1070 quod
173 990 209 1048 D.
233 1009 257 1050 e.
277 991 321 1048 40
339 989 433 1049 verba
452 983 530 1066 [καὶ]
549 983 743 1062 Ἁγνωνίδης
762 1009 780 1047 a
798 993 963 1050 correctore
983 989 1083 1049 deleta

65 1083 147 1153 sunt,
172 1098 245 1138 casu
269 1096 429 1154 erroreque
452 1077 484 1136 id
501 1077 644 1136 librarius
661 1080 831 1154 peccavisse
850 1078 977 1138 videtur.
1022 1079 1082 1137 Ita-

65 1189 125 1246 que
149 1169 230 1244 qund
254 1165 385 1226 Oobetus
408 1166 483 1226 Eux.
509 1168 549 1226 36
578 1167 610 1224 in
632 1167 731 1226 verbis
760 1162 804 1226 ὡ(
827 1163 846 1242 ἡ
871 1163 961 1241 χώρα
990 1162 1038 1241 εἴη
1062 1163 1081 1241 ἡ

67 1252 233 1319 Μολοεεία
256 1251 362 1329 αὐτῆς,
385 1251 459 1334 ἐνῇ
483 1252 521 1314 τὸ
544 1250 633 1328 ἱερὸν
651 1250 743 1329 ἔετιν,
766 1256 826 1315 ista
848 1252 867 1329 ἡ
888 1253 969 1316 Μολ.
989 1256 1082 1315 mani-

67 1349 182 1407 festum
210 1345 359 1404 emblema
387 1344 460 1403 dicit
487 1344 536 1403 vel
569 1345 696 1404 dialecto
727 1346 908 1418 convictum,
940 1346 1083 1404 mendum

68 1436 193 1512 quidem
210 1433 406 1492 manifestum
423 1432 650 1510 tollendumque
670 1434 718 1511 sit,
737 1436 769 1492 at
788 1434 871 1492 aliud
885 1435 957 1511 quid
970 1453 1081 1494 nouare

69 1545 131 1584 non
153 1523 243 1582 facile
264 1523 295 1580 in
319 1524 453 1580 animum
476 1522 654 1582 induxerim.

160 1610 252 1688 §2st
288 1611 324 1669 In
348 1610 541 1670 Stobartiano
564 1610 729 1685 volumine,
757 1610 837 1686 quod
860 1615 907 1669 est
934 1611 1028 1670 multo
1068 1621 1153 1684 Mende

69 1702 195 1761 minoris
220 1699 362 1772 ambitus,
386 1703 520 1758 correcta
542 1699 650 1758 menda
673 1700 767 1757 ferme
785 1698 895 1775 viginti
918 1700 1028 1772 insunt,
1048 1673 1173 1768 vorqqmn

70 1811 131 1851 non
150 1793 285 1850 correcta
307 1792 410 1847 autem
433 1788 501 1864 plus
524 1792 655 1862 centum,
678 1787 798 1846 etiamsi
821 1787 925 1846 mittas
948 1782 1027 1846 ὑπο-

71 1876 152 1955 λάβη
177 1881 209 1938 et
232 1872 360 1951 μεικρὰ(
383 1895 518 1952 quaeque
547 1876 658 1936 similia
685 1878 765 1935 sunt.
811 1875 914 1936 Pauca
936 1877 1082 1952 quaedam

70 1967 240 2048 generatim
259 1965 404 2041 disposita
423 1961 672 2044 enumerab0.**)
709 1962 819 2025 Omisit
841 1964 982 2025 librarius
1002 1966 1083 2024 litte-

70 2077 120 2118 ras
150 2057 257 2115 finales
282 2051 306 2114 Ν
327 2055 376 2114 vel
395 2050 430 2129 C,
461 2055 639 2130 scripsitque
669 2071 727 2114 του
759 2074 813 2131 pro
844 2053 933 2130 rods,
962 2071 1000 2114 το
1028 2075 1082 2131 pro

70 2144 142 2220 τὸν,
173 2162 211 2218 τη
240 2162 294 2220 pro
323 2141 394 2217 τὴν,
427 2161 446 2216 η
470 2163 524 2219 pro
547 2139 600 2218 ἠν,
630 2162 719 2218 porro
748 2160 832 2203 ετοι(
859 2164 914 2221 pro
943 2141 979 2203 ἐν
1006 2144 1083 2217 τοῖς,

72 2250 193 2296 execror
206 2253 262 2309 pro
278 2227 426 2306 ἑκάετων,
441 2230 543 2306 τολμα
557 2251 611 2307 pro
626 2227 756 2307 τόλμαν,
772 2250 870 2293 reuco
885 2253 939 2309 pro
954 2231 1082 2302 κακοὺες

73 2325 165 2384 etiam
189 2320 339 2382 contrario
363 2321 469 2380 mendo
493 2337 533 2394 ην
555 2340 610 2396 pro
633 2319 691 2396 τὴν
711 2325 741 2380 et
760 2339 797 2396 nc
814 2341 869 2398 pro
888 2323 944 2396 τῆ(
963 2340 1084 2381 rursus-

73 2433 130 2491 que
154 2412 256 2473 εξτων
278 2429 333 2486 pro
357 2406 390 2470 ἐξ
415 2403 470 2470 ὧν.
515 2408 634 2470 Omissa
660 2430 750 2486 porro
779 2411 983 2486 compluribus
1010 2411 1083 2470 locis

73 2503 194 2562 articuli
224 2498 451 2576 particulaeque
484 2501 587 2576 quales
620 2503 692 2559 sunt
718 2495 780 2575 γάρ
814 2503 845 2558 et
873 2496 923 2573 δέ,
956 2503 986 2559 et
1016 2501 1084 2575 plus

73 2593 166 2651 semel
197 2589 290 2648 etiam
320 2587 483 2647 maioribus
515 2589 630 2648 lacunis
661 2589 762 2648 omnia
793 2590 924 2648 turbata.
970 2589 1084 2647 Deinde

72 2680 152 2740 male
174 2679 303 2738 iteratae
334 2676 469 2752 syllabae
496 2677 701 2754 reperiuntur:
733 2694 826 2751 ουου,
856 2676 1084 2751 (υνευνεληλυ-

73 2771 178 2843 θοτεε,
211 2764 525 2841 παρεπαρληλυθοτι,
559 2782 848 2841 μνημονονευτουε,
881 2767 1085 2842 vocabuloque

73 2861 152 2932 tota,
180 2858 216 2915 ut
246 2870 467 2914 παεανπαεαν.
514 2854 607 2915 Casus
636 2856 845 2914 continuorum
872 2856 1086 2916 vocabulorum

77 2946 221 3005 similiter
242 2944 397 3004 formavit
420 2939 509 3021 νόμῳ
533 2941 568 3002 δὲ
591 2944 637 3022 τῷ
660 2940 766 3022 τούτῳ
789 2939 912 3023 τρόπῳ,
935 2945 989 3002 ubi
1011 2939 1084 3002 τού-

24 3092 26 3098 .
75 3051 136 3094 του
158 3053 267 3095 verum
290 3036 349 3108 est,
373 3036 464 3110 atque
488 3033 561 3092 adeo
586 3031 704 3092 utlooc
727 3049 834 3095 τινουε
854 3035 884 3092 et
907 3033 1018 3091 iterum
1041 3048 1085 3091 τι·

76 3139 153 3183 νου(
178 3121 310 3195 ullove,
339 3141 416 3198 quae
440 3122 503 3197 ipse
527 3122 670 3197 correxit3
699 3125 732 3181 at
754 3123 953 3183 incorrectum
975 3121 1086 3181 mansit

166 3345 192 3412 *)
212 3342 335 3413 Exponit
352 3342 405 3397 hoc
424 3342 564 3413 inpriore
584 3343 779 3399 dissertatione
798 3343 982 3412 Fritzschius3
1005 3345 1087 3401 (lom-

78 3415 215 3485 parettius
233 3431 290 3468 non
308 3416 384 3468 reete
403 3416 501 3468 contra
519 3415 611 3469 dicere
629 3413 699 3468 mihi
718 3414 837 3469 videtur.

149 3488 192 3557 **)
206 3487 349 3556 Integrum
360 3488 541 3557 conspectum
550 3485 689 3545 vitiorum
698 3485 820 3545 exbibet
825 3487 1119 3556 consummasse„
