2392 3840
123 125 186 189 102
489 125 760 180 ΑΠΟΕΠΑΕΜΑΤΙΑ

67 326 127 367 vm
428 304 484 370 IX.
503 307 611 370 ΥΠΕΡ
634 304 826 369 ΑΡΠΑΛΟΥ

254 402 259 414 ’
547 409 570 463 εἰ
588 411 705 476 γνὴειοε.

80 540 107 580 ιο
209 518 261 584 45.
292 520 325 585 Εἰ
355 522 391 585 δὲ
422 523 462 599 μὴ
494 521 616 599 ψευδὴε
646 517 665 582 ὁ
692 518 886 596 Ὑπερείδου
921 517 1023 595 λόγος
1057 520 1143 599 ὑπὲρ

120 608 294 687 Ἁρπάλου,
323 613 358 674 ἐν
387 610 474 693 αὐτῷ
504 610 695 686 γέγραπται·
728 606 972 690 ἐκπηδήσαντες
1002 606 1039 672 ἐκ
1069 620 1140 673 τῶν

121 699 433 782 περδικοτροφείων.
459 735 496 744 -
523 696 642 761 Pollux
665 694 704 779 X,
732 697 801 760 159.

70 895 106 934 1x
369 874 407 938 X.
432 874 519 941 ΚΑΤ’
543 873 883 939 ΑΡΧΕΕΤΡΑΤΙΔΟΥ.

81 1019 107 1061 υο
208 1001 261 1065 46.
288 1001 458 1079 Κινήεομεν
477 1001 513 1063 δὲ
536 998 638 1077 ἔλεον,
663 997 722 1062 κᾶν
745 996 1008 1078 ὑποδεικνύωμεν
1032 999 1141 1066 πάθοε

120 1090 158 1152 τὸ
183 1090 373 1168 ευμβεβηκὸε
397 1089 469 1166 περί
492 1107 580 1152 τινα(
607 1092 674 1151 τῶν
702 1086 828 1150 οἰκείων
855 1091 914 1151 τοῦ
943 1091 1139 1167 κρινομένου

121 1180 140 1256 ἢ
164 1181 222 1241 τοῦ
252 1181 437 1255 τεθνεῶτος,
462 1176 534 1257 (ὼε)
557 1177 634 1240 Ὑπ.
658 1177 764 1258 ἐντῷ
789 1174 859 1238 κατ’
878 1173 978 1255 Ἀρχ.·
1003 1174 1142 1243 ἑπέξειει

121 1266 182 1344 γὰρ
205 1266 245 1329 τὰ
269 1265 482 1346 ευμβεβηκότα
510 1272 548 1349 τῇ
576 1269 633 1329 τοῦ
658 1263 803 1329 Ὀνείδου
828 1265 928 1342 μητρί.
955 1301 994 1311 -
1021 1267 1142 1350 Apsin.

121 1356 206 1432 τέχν.
231 1354 297 1433 ῥητ.
316 1353 364 1418 IX
381 1378 412 1438 p.
431 1354 494 1418 591
515 1353 569 1418 W.
587 1352 604 1416 Ι
627 1376 658 1436 p.
676 1354 742 1418 403
763 1351 817 1435 Sp.
835 1353 901 1418 324
924 1352 1095 1420 Hammer.

81 1464 106 1504 οι
209 1443 264 1508 47.
292 1443 363 1509 Ὅτι
394 1445 429 1507 δὲ
460 1443 519 1508 οὐκ
548 1444 622 1521 ἐξῆν
651 1447 720 1506 τοῑτ
750 1441 948 1519 ἀποδημοῦει
979 1447 1140 1523 θεωρικὸν

104 1532 301 1614 λαμβάνειν,
324 1533 400 1599 Ὑπ.
425 1528 667 1611 δεδήλωκενέν
690 1535 736 1614 τῷ
759 1529 834 1594 κατ’
857 1529 940 1610 Ἀρχ.
968 1569 1006 1580 -
1032 1533 1139 1620 Harp.

121 1644 144 1685 s.
166 1645 193 1686 v.
213 1620 357 1701 θεωρικά.
404 1619 452 1685 Of.
476 1643 500 1685 e.
526 1620 616 1684 Dem.
640 1602 700 1684 eol.
724 1619 776 1700 26,
802 1621 842 1685 13
867 1641 936 1704 sqq.

80 1731 106 1772 ει
208 1712 261 1776 48.
284 1712 469 1794 Εὔβουλος·
497 1746 534 1756 -
561 1711 670 1787 ἕτεροε
702 1706 731 1772 δ’
754 1710 838 1773 ἐετὶν
868 1708 1063 1792 ὁκωμικόε,
1099 1713 1140 1778 οὗ

120 1802 309 1879 μνημονεύει
332 1801 409 1865 Ὑπ.
432 1802 468 1864 ἐν
491 1805 537 1882 τῷ
560 1797 632 1863 κατ’
655 1796 738 1875 Ἀρχ.
763 1833 806 1843 -
830 1797 988 1882 Harpoer.

80 1909 106 1951 aa
209 1890 261 1953 49.
283 1886 381 1975 Ἱερά·
414 1890 454 1954 τά
485 1893 551 1952 τῶν
587 1886 789 1964 τεθνηκότων
822 1885 907 1954 ὀετά.
953 1889 1030 1953 Ὑπ.
1056 1892 1140 1955 κατὰ

119 1975 204 2056 Ἀρχ.
231 2015 267 2024 -
294 1978 464 2043 Anlialtie.
491 1978 527 2041 in
554 1976 591 2040 B.
612 1975 649 2040 A.
670 1999 698 2058 p.
724 1975 801 2059 100,
830 1976 886 2059 18,
915 1981 948 2041 et
980 1978 1140 2044 similiter

121 2067 271 2131 Ammon.
295 2090 326 2131 π.
351 2072 438 2146 διαφ.
463 2070 490 2131 λ.
514 2089 543 2148 p.
563 2065 606 2130 73
626 2063 741 2128 Valek.

82 2177 108 2218 οι
211 2156 264 2220 50.
287 2157 364 2221 Ὑπ.
392 2157 429 2220 ἐν
459 2160 505 2238 τῷ
535 2153 607 2218 κατ’
630 2153 725 2231 Ἀρχ.·
751 2152 787 2218 ol
813 2153 892 2230 τοὺς
923 2155 1143 2237 ἰθυφάλλους

123 2243 159 2309 ἐν
182 2253 221 2330 τῇ
250 2243 414 2330 ὀρχήστρᾳ
443 2243 650 2329 ὀρχούμενοι.
674 2278 717 2288 -
740 2242 842 2325 Harp.
861 2265 885 2306 ο.
904 2265 933 2308 v.
953 2244 1143 2323 ἰθύφαλλοι.

82 2354 109 2395 55
211 2336 262 2400 51.
285 2335 446 2417 πάραλος·
471 2369 508 2379 -
531 2369 573 2379 -
593 2332 624 2396 οἱ
643 2333 678 2395 δὲ
698 2331 920 2412 ἐπιβεβηκότεε
944 2332 1044 2412 αὐτῆς
1066 2336 1141 2399 ἐκα-

123 2427 240 2488 λοῦντο
264 2425 424 2503 Πάραλοι,
458 2424 488 2487 οἳ
522 2423 574 2486 διὰ
605 2420 724 2498 ταύτην
754 2423 812 2499 τὴν
842 2420 1016 2499 ὑπηρεείαν
1045 2422 1075 2486 δ’
1105 2445 1142 2489 τε

123 2510 261 2589 ὀβολοὺε
284 2513 466 2592 ἐλάμβανον
489 2513 540 2576 καὶ
567 2511 605 2574 τὸ
633 2513 747 2574 πλεῖον
777 2511 872 2588 μέροε
899 2514 958 2574 τοῦ
982 2511 1141 2577 ἐνιαυτοῦ

123 2598 204 2664 οἴκοι
228 2600 354 2681 ἔμενον,
386 2601 468 2666 ἄλλα
496 2603 530 2665 τέ
558 2621 629 2664 τινα
658 2598 801 2676 ὑπῆρχεν
830 2598 939 2663 αὐτοῖς
967 2601 1058 2678 παρὰ
1082 2608 1142 2681 τῆε

123 2687 266 2772 πόλεωε,
296 2691 340 2755 alc
365 2711 459 2769 φηειν
482 2689 557 2753 Ὑπ.
583 2691 687 2771 ἐντῷ
711 2686 781 2751 κατ’
802 2686 884 2766 Ἀρχ.
908 2724 951 2733 -
975 2687 1141 2772 Harpoer.

123 2916 200 2971 liano
219 2916 289 2971 facit
303 2918 389 2971 eliam
407 2914 587 2986 paraphrasis
607 2930 678 2982 quae
694 2912 780 2966 estin
796 2913 920 2968 carmine
935 2915 969 2968 de
984 2914 1143 2972 schematis

123 3007 149 3042 v.
166 2994 284 3057 113sqq.
323 2989 427 3042 Contra
445 2987 608 3054 intellipenti
627 2984 660 3040 ei.
675 2985 828 3051 Ruhnken3
852 2985 997 3057 [intellepi]
1021 2991 1143 3044 auctore

123 3058 248 3128 Hauptio
272 3059 363 3115 Halm.
384 3089 417 3100 —
440 3056 587 3127 illiberali]
610 3057 628 3111 i.
648 3072 670 3110 e.
691 3058 847 3126 μικρολὸγιρ
871 3072 925 3112 see.
944 3057 998 3126 frg.
1018 3063 1082 3114 255.
1104 3092 1142 3101 -

124 3147 177 3200 ραρ
195 3139 231 3187 αι
249 3134 361 3187 virtutis
374 3132 456 3185 laede
469 3129 535 3184 mal.
549 3126 642 3181 Halm.
658 3158 691 3167 -
705 3133 740 3181 45
759 3129 923 3195 ἐκδήταντετ
936 3130 998 3184 οοά.
1012 3128 1142 3184 heidelb.

126 3232 158 3241 -—
183 3207 217 3255 46
240 3205 329 3257 πάθοι
352 3202 414 3257 Par.
433 3201 470 3254 A:
494 3202 527 3254 τὸ
550 3201 646 3253 πάθοε.
665 3228 701 3238 -
722 3199 785 3266 περ(
807 3216 883 3252 τινος
905 3199 968 3253 Par.
987 3200 1020 3254 A.
1042 3232 1074 3241 -
1101 3205 1141 3256 ὼε

126 3272 190 3327 add.
210 3273 287 3327 Bake
311 3272 356 3343 (ei.
379 3274 464 3328 etiam
489 3273 536 3338 3.).
556 3301 588 3310 -
614 3270 838 3337 Ἀρχεετρατλδου
863 3270 903 3325 S.:
927 3270 1140 3339 Ἀρχεετράτου.

126 3373 160 3382 -
180 3346 250 3399 ἑπέξ.
266 3346 318 3412 γάρ
338 3344 399 3400 Par.
414 3344 452 3398 A:
472 3345 542 3397 ἐπέξ.
558 3343 630 3406 λέγει
648 3342 701 3407 γάρ
720 3358 775 3394 που
795 3340 825 3394 B.
842 3372 875 3380 —
894 3346 928 3396 49
948 3359 992 3411 ap.
1007 3343 1138 3398 Ammon.

126 3415 334 3481 ἀρχιετρατλδου
361 3415 439 3482 libri3
469 3431 521 3469 em.
541 3410 640 3466 Valck.
664 3443 696 3450 -
727 3419 760 3466 50
788 3413 997 3480 ἀρχιετρατίδου
1023 3413 1077 3469 Bc.
1101 3444 1137 3454 -

120 3491 156 3540 51
183 3487 368 3555 ἀρχεττράτυυ
387 3489 424 3557 Α,
444 3485 625 3555 ἀρχιετράτου
644 3481 709 3536 Αλά.
