2392 3840
462 125 733 180 onocnacmaua
1039 123 1103 190 103

181 270 231 336 52.
255 269 489 345 Ξυπεταίονες·
511 271 588 334 Ὑπ.
612 268 682 334 κατ’
701 269 858 349 Ἀρχεετρ.
881 306 924 316 -
947 268 1048 353 Harp.
1114 290 1141 332 se

181 360 231 425 53.
255 359 292 424 ἐν
310 360 510 447 παραβύστῳ
531 357 601 423 ἀντὶ
619 365 677 424 τοῦ
696 361 803 438 κρύφα
822 360 872 422 καὶ
892 359 930 423 οὐ
950 363 1100 438 φανερῶς
1114 381 1140 421 51

86 452 167 515 Ὑπ.
191 451 295 533 ἐντῷ
319 448 390 513 κατ’
409 447 492 526 Ἀρχ.
519 485 557 494 -
582 447 683 528 Harp.

181 538 232 605 54.
256 538 440 622 Στειριεύς·
463 538 539 601 Ὑπ.
563 535 634 600 κατ’
654 535 809 616 Ἀρχεετρ.
833 573 875 582 -
898 535 1055 616 Harpoor.
1114 558 1144 599 ss

237 716 292 781 XI.
318 714 405 781 ΚΑΤ’
429 662 694 781 ΑΥῨΟΚΛΕΟΥ(
720 715 958 781 ΠΡΟΔΟΕΙΑΕ.
1115 735 1139 776 x

180 841 231 906 55.
254 842 330 905 Ὑπ.
354 842 391 905 ἐν
422 844 469 923 τῷ
496 837 568 902 κατ’
587 839 660 905 Αὐτ.
684 839 796 918 εἰπών,
827 839 877 903 ὅτι
904 845 1022 904 τοῦτον
1049 840 1101 904 ἐπὶ
1116 861 1143 902 oo

90 931 201 1008 λόγοι(
223 935 273 995 δεῖ
296 930 439 1007 κολάεαι,
468 928 585 1006 τίθηειν
609 927 734 1007 ὅμοιον,
763 928 812 992 ὅτι
839 926 895 993 καὶ
917 929 1102 1013 Σωκράτην

90 1020 128 1084 οἱ
147 1022 308 1105 πρόγονοι
331 1017 425 1102 ἡμῶν
453 1014 507 1081 ἐπὶ
534 1018 646 1099 λόγοις
673 1016 836 1095 ἐκόλαζον.
883 1015 1016 1102 Gregor.
1040 1016 1102 1084 Oo-

90 1110 188 1174 rinth.
208 1109 248 1172 ad
267 1107 422 1192 Hermog.
441 1104 505 1170 VII
528 1129 558 1189 p.
579 1107 664 1171 1148
686 1106 736 1170 W.

179 1198 230 1264 56.
254 1196 444 1279 ἐγκαθετος·
481 1195 556 1259 Ὑπ.
580 1196 660 1258 κατὰ
682 1196 889 1261 Αὐτοκλέουε.
932 1196 1100 1262 Antiatis.
1115 1217 1141 1257 eo

89 1288 124 1351 in
147 1287 184 1351 B.
203 1289 241 1350 A.
265 1309 296 1368 p.
316 1286 373 1368 96,
397 1286 448 1349 30.
491 1280 699 1365 Ἐγκάθετος·
724 1285 827 1349 οὕτω(
850 1286 926 1350 Ὑπ.
951 1285 1101 1365 ἀπερριμ-

90 1378 201 1456 μένωε,
226 1377 302 1439 δέον
326 1374 542 1451 δοκιμώτερον
565 1375 735 1452 χρήεαεθαι
757 1379 803 1456 τῷ
827 1376 919 1438 θετὸε
942 1377 961 1453 ἢ
987 1375 1113 1440 estrei.

88 1486 165 1544 ητοε
188 1467 208 1544 ἢ
232 1463 421 1542 ὑπόβλητοε.
468 1461 640 1543 Phrynieh.
660 1462 817 1544 epitomes
840 1485 870 1544 p.
890 1462 954 1527 333
978 1462 1058 1530 Lob.

180 1553 231 1618 57.
255 1554 335 1633 ἔργα
358 1548 453 1616 νέων.
485 1554 582 1614 τοῦτο
611 1551 661 1613 καὶ
684 1549 876 1629 Ὑπερείδηε
899 1552 935 1614 ἐν
958 1557 1004 1635 τῷ
1029 1551 1100 1617 κατ’
1115 1574 1140 1614 er

89 1643 161 1707 Αὐτ.
190 1641 339 1707 Ἡειόδου
373 1641 469 1719 φηεὶν
501 1637 590 1702 εἶναι.
622 1636 776 1720 Harpoer.
806 1676 848 1685 —
876 1637 975 1717 Ἔργα
1007 1643 1101 1721 νέων,

90 1733 204 1812 βουλαὶ
232 1733 267 1795 δὲ
296 1732 411 1807 pecore,
445 1729 536 1807 εὐχαὶ
563 1729 599 1791 δὲ
627 1727 799 1806 γερόντων.
846 1733 942 1791 τοῦτο
966 1729 1049 1793 Ὑπ.
1066 1731 1102 1794 ἐν

88 1827 134 1905 τῷ
165 1818 238 1885 κατ’
265 1819 337 1883 Αὐτ.
359 1816 510 1882 Ἡειόοου
541 1817 636 1895 φηεὶν
667 1815 747 1880 εἶναι
778 1817 957 1896 παροιμίαν.
1004 1817 1101 1883 Mioh.

89 1911 204 1994 Apost.
226 1930 316 1992 prov.
340 1910 421 1970 cent.
446 1906 476 1983 9,
500 1907 529 1971 6.
853 1947 856 1953 -

178 1998 231 2063 58.
254 1996 399 2078 Εὔηνος·
444 1995 519 2058 Ὑπ.
550 1995 586 2058 ἐν
616 1998 662 2077 τῷ
696 1992 766 2057 κατ’
791 1995 876 2058 Αὐτ.·
906 1993 937 2075 β’
960 1993 1141 2074 ἀναγρά-οα

89 2107 207 2166 φουειν
231 2086 372 2165 Εὐήνου(
395 2084 547 2160 ἐλεγείων
571 2083 703 2161 ποιητὰ(
727 2082 915 2163 ὁμωνύμουε
939 2084 1099 2165 ἀλλήλοις.

88 2175 158 2240 Har
183 2197 247 2240 oer.
295 2227 298 2233 .

159 2199 230 2329 Ρ59.
253 2259 454 2337 κατέλευσαν
473 2261 573 2326 λίθοι(
592 2261 785 2341 κατέβαλον·
813 2262 889 2327 Ὑπ.
908 2264 944 2326 ἐν
963 2268 1008 2347 τῷ
1028 2261 1099 2327 κατ’
1114 2285 1140 2326 α

86 2354 296 2419 Αὐτοκλέους.
320 2388 362 2397 -
386 2349 486 2434 Harp.

179 2443 232 2508 60.
253 2440 315 2506 Ἠν
339 2442 449 2504 δὲκαὶ
479 2440 588 2518 ἕτερα(
613 2440 761 2503 Κολωνὸε
785 2440 865 2517 πρὸ(
888 2441 926 2502 τὸ
949 2445 1007 2505 τοῦ
1031 2442 1099 2506 Πο-
1113 2463 1141 2502 α

88 2536 242 2597 εειδῶνοε
264 2529 366 2611 ἱερόν,
390 2528 435 2592 ὼε
457 2529 533 2592 Ὑπ.
557 2529 662 2612 ἐντῷ
686 2526 758 2591 κατ’
781 2529 865 2591 Αὐτ.·
890 2527 984 2594 οὗτοε
1008 2528 1037 2594 δ’
1060 2530 1100 2596 ἂν

88 2622 139 2700 εἴη
164 2621 182 2685 ὁ
206 2623 272 2683 τῶν
295 2619 429 2682 ἱππέων.
456 2653 493 2662 -
519 2615 619 2700 Harp.
639 2639 663 2681 s.
682 2639 709 2680 v.
732 2618 927 2681 Κολωνέταε.

179 2709 230 2775 61.
253 2708 441 2790 Μηλόβιος·
468 2706 544 2770 Ὑπ.
569 2706 606 2769 ἐν
633 2711 678 2789 τῷ
707 2704 778 2768 κατ’
802 2706 947 2770 Αὐτοκλ.·
976 2706 1038 2770 ἔετι
1063 2710 1098 2772 δὲ
1114 2729 1140 2770 ee

87 2799 135 2865 εἷε
157 2803 224 2863 τῶν
249 2794 276 2861 λ’
299 2800 365 2859 τῶν
389 2793 467 2873 παρ’
487 2794 662 2872 Ἀθηναίοις
684 2794 958 2873 τυραννηεάντων.
1000 2795 1102 2880 Harp.

162 2996 195 3045 52
210 2992 394 3045 ξυαεταιῶνεε
408 2985 484 3055 epid,
498 2985 653 3041 ξυπεταῑων
669 2985 697 3053 Ο,
712 2988 872 3042 ξυπετάλων
888 2987 918 3049 Β,
933 2989 1103 3043 Ξυπετέωνεε

86 3064 120 3130 Q.
140 3092 175 3103 —
193 3058 403 3129 ἀρχιετρατίδου
421 3058 453 3112 Β.
469 3089 502 3097 -
522 3061 555 3111 53
576 3058 783 3125 ἀρχιετρατίδον
802 3058 865 3113 Ald.
885 3059 941 3125 AB,
961 3060 1102 3125 ἀρχιετρα-

85 3137 177 3203 τήδον
192 3131 222 3187 C.
237 3162 271 3171 —
287 3135 320 3183 54
339 3132 453 3197 ετιριεύε
472 3126 557 3195 Suid,
577 3131 682 3196 ετιρεύε
696 3128 796 3184 ABGN
810 3128 874 3184 Alo.
889 3127 965 3199 epit„
984 3132 1103 3196 ετειρεύε

87 3207 118 3260 C.
144 3236 178 3245 —
203 3209 236 3257 57
256 3203 396 3268 integram
414 3200 587 3269 paroemiam
605 3198 691 3270 Harp.
707 3216 741 3253 ex
754 3199 943 3269 Aristophane
961 3217 1101 3268 gramma-

85 3278 146 3332 tico
162 3273 250 3342 addit,
265 3272 339 3326 unde
355 3270 472 3340 colligas
482 3269 653 3340 Hyperidem
665 3287 721 3324 non
735 3271 874 3341 integram
885 3288 947 3325 eam
961 3271 1101 3329 laudasse.

87 3379 123 3390 -
139 3353 172 3402 58
189 3344 330 3413 Kiessling
349 3359 446 3396 versus
459 3341 550 3396 Eueni
569 3346 618 3410 qui
636 3343 749 3396 exstant
767 3359 811 3411 ap.
828 3342 904 3397 stob.
921 3342 992 3396 Flor.
1009 3347 1051 3406 51,
1068 3351 1101 3400 17

85 3420 126 3475 ab
144 3415 288 3540 Hyperide
308 3413 410 3468 allatos
428 3415 519 3483 putat.
537 3443 571 3453 -
590 3418 622 3468 61
643 3413 851 3468 Coniunxerunt
864 3413 1010 3482 Kiessling
1025 3417 1058 3468 ed
1074 3415 1108 3468 3.

84 3490 168 3546 aliud
200 3488 387 3556 tegmentum:
407 3483 604 3555 Δρακοντίδη(
622 3485 665 3542 sic
679 3490 738 3541 riou
755 3481 794 3541 u·-
823 3485 1002 3551 &sepem
1009 3482 1133 3547 dimo
