2392 3840
146 111 250 168 XXXII
546 113 752 169 PRAEFATIO

146 267 256 340 exstat,
288 283 380 323 unam
402 264 538 324 litteram
563 265 633 340 plus
661 266 796 325 minusve
820 285 910 341 quam
937 266 969 324 in
993 267 1100 342 superii

147 354 251 413 eodem
274 353 371 430 spatio
394 353 483 413 facile
507 353 667 432 condones;
691 360 723 413 at
744 373 819 430 non,
844 355 869 412 si
892 355 923 413 in
946 356 1002 414 hoc
1026 358 1100 432 quin

147 444 276 519 exstant,
298 444 329 502 in
352 444 491 502 lacunam
514 445 580 502 octo
604 444 679 502 satis
698 449 784 502 caute
802 443 1042 505 inculcabuntur.
1090 467 1100 503 r

147 535 258 608 quanto
282 533 350 608 plus
374 532 522 590 libertatis
551 532 584 590 in
613 533 655 592 eis
686 532 800 591 lacunis
831 533 1014 608 conceditur,
1046 535 1098 610 qui

146 622 268 680 initium
297 639 402 681 versus
434 622 628 696 absumptum
660 624 718 697 est,
750 622 973 697 plurimumque
1003 624 1057 681 ubi
1088 624 1100 681 t

147 710 344 786 interceptus,
377 729 445 768 cum
475 710 594 768 librarii
617 713 647 769 et
669 728 798 769 vacuum
830 710 875 769 ibi
907 711 1038 787 spatium
1068 731 1101 771 sa

148 799 311 858 admittant
337 799 454 858 notisve
483 800 602 857 tantum
632 799 708 858 nihil
739 798 977 877 significantibus
1008 802 1100 877 exple:

148 891 179 947 et
208 887 375 963 producant
404 906 525 947 versum
553 891 638 948 extra
669 889 803 964 spatium
832 890 880 948 vel
910 890 1030 949 litteras
1061 912 1100 948 mi

147 976 276 1035 minores
295 975 415 1036 faciant.
452 976 495 1036 At
512 996 549 1035 ne
567 977 611 1036 ibi
629 976 748 1053 quidem
768 979 867 1036 omnia
884 978 1015 1053 prudens
1035 981 1100 1038 criti

148 1064 206 1124 sibi
223 1066 388 1141 permittet.
421 1065 555 1141 Denique
575 1067 667 1142 spatii
682 1086 799 1144 quoque
815 1067 903 1126 vacui
916 1068 993 1126 ratio
1008 1069 1100 1127 haber

148 1154 227 1230 quod
251 1154 283 1212 in
314 1173 410 1229 pausa
440 1154 570 1231 relinqui
600 1157 690 1234 solet,
724 1156 942 1232 amplissimum
973 1157 1094 1232 quidem

147 1241 341 1303 Londiniensi
362 1244 449 1304 libro.

70 1343 178 1407 subsidia
290 1331 381 1408 §aa
418 1334 579 1410 Reliquum
616 1336 662 1392 ost
698 1336 733 1392 ut
770 1334 806 1393 de
842 1353 908 1393 mea
940 1334 1034 1410 ipsius
1069 1355 1100 1410 op

63 1397 179 1491 affl,
201 1421 440 1498 adiumentisque
469 1424 543 1483 meis
572 1423 706 1482 breviter
735 1442 888 1500 exponam.
938 1423 1100 1482 Librorum

147 1504 198 1587 A¹‚
216 1503 258 1571 Α3
281 1531 383 1572 omnes
405 1515 507 1589 partes
536 1516 656 1587 praeter
682 1513 887 1572 recentissime
914 1512 1051 1572 inventas
1077 1506 1100 1594 (i

147 1600 309 1661 voluminis
323 1601 352 1660 A
365 1602 537 1680 fragmenta
551 1601 760 1661 Tancockiana
772 1596 1050 1681 Raphaelianaque)
1065 1622 1100 1662 ve

148 1689 307 1750 Britannia
320 1691 369 1752 vel
383 1691 507 1750 Parisiis
525 1690 589 1766 ipse
608 1690 731 1767 contuli,
750 1709 810 1766 qua
829 1691 860 1749 in
878 1709 909 1748 re
924 1690 1035 1768 insigni
1049 1691 1100 1749 libr

148 1780 235 1839 litate
259 1783 290 1838 et
314 1781 454 1839 comitate
474 1799 578 1839 eorum
596 1798 686 1854 penes
706 1799 781 1855 quos
796 1781 882 1838 crant
900 1797 1017 1855 semper
1036 1781 1100 1838 adit

148 1887 224 1928 sum.
268 1868 419 1946 Babingto
456 1869 577 1943 quidem
612 1868 720 1944 hospes
758 1864 1033 1945 coniunctissimus,
1070 1890 1100 1944 qr

148 1957 236 2016 multi
257 1957 396 2034 lugemus
419 1957 660 2035 lugebimusque,
691 1958 752 2016 iam
775 1978 800 2017 a.
826 1960 930 2033 1869,
962 1977 1028 2016 oum
1061 1959 1093 2016 in

148 2063 244 2104 essem
266 2047 302 2103 ut
324 2045 453 2120 primam
476 2045 637 2104 editionem
660 2065 758 2105 meam
781 2047 895 2122 publici
924 2047 999 2105 iuris
1022 2048 1100 2106 facer

148 2151 220 2192 suae
235 2133 373 2192 editionis
387 2132 631 2192 Harrisianorum
651 2136 887 2214 fragmentorum
902 2135 1070 2212 exemplum
1086 2158 1100 2194 r

147 2222 229 2281 ultro
249 2221 383 2281 oblatum
400 2223 577 2301 transmisit,
601 2225 633 2282 in
650 2243 709 2299 qno
729 2227 864 2301 exemplo
884 2244 959 2300 quae
974 2226 1005 2283 in
1021 2225 1064 2283 cis
1078 2226 1100 2283 fr

147 2309 257 2370 mentis
281 2330 399 2371 summa
416 2313 566 2372 industria
584 2317 615 2373 et
632 2332 706 2374 cura
720 2315 829 2374 iterum
849 2317 938 2389 atque
957 2314 1069 2372 iterum
1088 2336 1100 2373 r

95 2408 97 2412 ’
147 2419 264 2476 quoque
297 2419 351 2477 ope
383 2401 526 2477 inspectis
555 2403 726 2481 invenerat,
763 2403 801 2462 ad
833 2403 998 2478 marginem
1035 2408 1100 2462 enot

149 2492 243 2548 erant.
288 2489 333 2550 Ea
362 2491 393 2549 in
421 2490 575 2551 Addendis
604 2492 719 2569 primae
746 2511 830 2551 meae
858 2492 997 2551 editionis
1027 2493 1100 2550 exhi

150 2580 229 2637 sunt.
274 2577 385 2639 Postea
408 2583 439 2639 et
461 2581 534 2640 haec
556 2581 727 2660 fragmenta
745 2584 775 2640 et
793 2580 999 2639 Ardenianum
1018 2583 1100 2640 volui

149 2665 435 2748 Stobartianumque
471 2670 517 2728 bis
555 2670 735 2742 examinavi,
773 2687 840 2728 cum
875 2669 968 2745 probe
1005 2671 1100 2747 cognii

148 2756 298 2832 haberem,
316 2778 377 2817 non
395 2759 492 2818 solum
512 2758 586 2818 duos
605 2758 738 2818 homines
753 2759 821 2834 plus
837 2777 926 2835 quam
941 2778 1035 2816 unum
1050 2760 1099 2819 vid

149 2844 201 2905 sed
225 2846 316 2905 ctiam
339 2849 465 2906 eundem
489 2865 523 2906 eo
546 2848 635 2925 plura
657 2848 789 2908 invenire
813 2848 922 2923 solere,
953 2867 1011 2924 quo
1041 2868 1100 2924 sae]

149 2934 298 2995 distinctis
330 2936 515 3012 temporibus
553 2940 693 2996 conatum
729 2936 892 3013 repetierit.
950 2936 1027 2995 Sunt
1060 2957 1098 2996 au

148 3025 246 3085 multa
264 3025 296 3083 in
313 3025 361 3085 his
379 3025 515 3102 reliquiis
533 3024 614 3084 lectu
633 3044 777 3102 perquam
796 3024 938 3099 difficilia,
958 3045 1036 3100 quae
1056 3047 1100 3102 qu

148 3113 194 3172 ris
218 3114 372 3189 adnitaris,
395 3116 537 3172 conatum
560 3114 701 3172 frustrari
723 3114 847 3190 possint.
892 3112 929 3171 In
948 3114 1014 3172 aliis
1034 3117 1084 3174 vel

148 3200 287 3278 bingtoni
309 3203 359 3262 vel
388 3202 462 3260 mihi
490 3220 538 3260 res
565 3221 706 3277 prospere
737 3203 840 3279 cessit,
870 3203 1060 3277 multumque
1091 3205 1101 3262 i

149 3289 264 3349 fructus
286 3290 319 3348 in
341 3289 601 3349 Demosthenicam
628 3293 805 3366 praesertim
833 3291 999 3350 orationem
1028 3292 1100 3353 deve

149 3377 291 3436 Eiusdem
321 3378 518 3456 Babingtonis
550 3379 686 3439 comitati
719 3381 825 3456 debeo,
858 3380 937 3455 quod
969 3379 1030 3438 iam
1062 3403 1099 3457 pr

147 3484 216 3525 mea
239 3467 330 3527 editio
353 3468 396 3527 eis
420 3468 606 3547 fragmentis,
630 3487 706 3545 quae
726 3488 760 3528 eo
779 3486 874 3543 usque
893 3467 1007 3526 inedita
1026 3470 1057 3527 in
1077 3472 1100 3539 il
