2392 3840
88 127 180 182 xxiv
494 124 699 180 PRAEFATIO

92 279 211 339 saeculo
244 277 355 336 librum
386 276 503 336 tribuit.
548 276 697 351 Equidem
727 275 759 333 in
791 278 878 334 tanta
910 275 1104 353 obscuritate,

91 387 167 445 quae
194 368 347 443 perhanc
373 369 492 442 partem
519 365 696 442 disciplinae
718 363 986 441 palaeographicae
1011 365 1101 423 etiam

90 475 168 516 nunc
187 457 310 529 obtinet,
333 455 409 514 nihil
428 454 465 514 de
483 455 540 515 hoc
562 455 715 515 volumine
739 453 888 512 affirmare
911 454 1104 530 praeferrem,

88 546 121 605 ni
154 545 327 605 accessisset
359 543 466 604 ceteris
499 544 563 603 eius
594 543 731 619 reliquiis
763 543 967 620 fragmentum
998 543 1105 602 indicis

90 635 208 696 cursivo
226 653 336 712 genere
356 633 521 717 scripturae
541 633 677 692 confecti.
713 632 751 690 Id
774 636 877 691 autem
899 649 949 691 aas
973 651 1103 708 quarun-

91 725 160 782 dam
183 724 354 783 litterarum
376 723 488 782 formas
511 723 611 795 habet,
634 740 711 798 quae
733 722 766 779 in
789 719 895 779 ceteris
916 720 1027 780 libellis
1050 739 1106 796 pa-

91 813 228 890 pyraceis
256 815 326 870 ants
355 812 519 871 secundum
547 813 617 887 post
640 809 709 870 Chr.
732 830 761 869 n.
785 810 937 869 saeculum
961 810 1022 869 fere
1045 829 1107 869 non

91 904 283 977 usurpentur.
328 900 407 959 Nam
435 903 465 959 et
490 897 513 960 Ν
543 901 671 959 formam
694 896 727 959 Π
753 898 874 958 litterae
896 898 997 957 induit
1019 901 1051 958 at
1073 896 1106 958 Π

92 1009 159 1049 eam
182 1008 258 1066 quae
283 985 308 1049 Λ
330 989 453 1066 propria
475 989 546 1065 fuit,
572 993 603 1048 et
626 986 655 1050 Φ
679 988 753 1048 adeo
777 987 979 1047 deformatum
1001 1006 1108 1063 ampu-

92 1080 252 1155 tatumqus
275 1081 336 1156 est,
361 1084 397 1137 ut
420 1077 502 1136 haud
524 1079 654 1136 multum
677 1078 757 1137 iuter
778 1076 856 1135 illud
879 1080 910 1135 ct
932 1077 1057 1154 vulgare
1081 1073 1108 1136 Λ

93 1167 226 1226 intersit:
257 1167 367 1244 quippe
400 1166 426 1225 si
455 1166 545 1225 huius
577 1167 691 1226 formae
721 1167 863 1243 laqueum
895 1166 1058 1240 parvulum
1090 1185 1109 1224 a

94 1257 217 1316 sinistra
238 1258 324 1332 parte
348 1255 497 1315 addideris
526 1254 719 1330 dextramque
743 1255 854 1314 lineam
877 1256 1017 1314 deorsum
1039 1273 1108 1331 pro·

97 1344 224 1422 duxeris,
247 1342 276 1406 Φ
295 1344 376 1421 quod
394 1344 460 1403 dico
478 1344 611 1404 habebis.
648 1343 695 1404 Sit
717 1344 811 1422 igitur
830 1345 879 1402 hic
901 1343 987 1415 liber,
1011 1343 1037 1402 si
1060 1362 1109 1402 me

96 1433 209 1507 audias,
223 1432 370 1492 Hadriani
383 1433 431 1493 vel
440 1432 661 1493 Antoninorum
674 1433 861 1509 temporibus
876 1425 1108 1513 conscriptus.*)

33 1533 121 1598 Aetas,
238 1520 257 1598 ἓ
287 1525 336 1582 17.
374 1522 529 1599 Epitaphii
560 1522 693 1582 codicem
724 1522 889 1600 Babingto,
926 1522 1110 1581 assentiente

6 1588 135 1683 V⁰¹¹¹A¹i¹¹²¹⁸
151 1610 290 1690 Sauppio,
314 1611 353 1671 ad
375 1612 505 1671 alterum
528 1615 612 1688 post
635 1609 702 1671 Ohr.
721 1631 750 1672 n.
770 1611 924 1670 saeculum
947 1611 1053 1686 refert,
1077 1613 1111 1670 at

150 1699 373 1777 Comparettius
396 1719 450 1760 suo
469 1700 535 1759 iuro
554 1701 717 1774 contendit,
740 1720 776 1760 ex
798 1719 833 1760 co
857 1699 938 1776 quod
960 1699 1112 1759 deteriora

97 1791 128 1849 in
151 1810 185 1850 eo
209 1793 281 1849 sunt
309 1789 409 1850 omnia
431 1808 522 1865 quarn
545 1789 577 1848 in
599 1789 709 1867 altero,
733 1789 930 1849 recentiorem
954 1807 1019 1848 esse
1043 1807 1111 1849 con-

97 1880 176 1939 cludi
194 1898 255 1938 non
272 1897 376 1955 posse;
399 1879 501 1954 itaque
522 1877 547 1936 si
564 1877 661 1954 illum,
683 1879 762 1937 hunc
781 1897 898 1955 quoque
918 1878 1008 1936 alteri
1026 1881 1110 1937 ante

98 1966 165 2027 Chr.
188 1986 217 2026 n.
246 1967 365 2026 saeculo
394 1966 563 2025 adscribere
590 1967 688 2026 licere.
734 1967 784 2026 Ad
812 1969 889 2026 hanc
916 1969 1020 2026 autem
1046 1985 1112 2026 rem

98 2054 324 2131 disceptandam
342 2054 464 2113 maximi
481 2055 626 2114 momenti
648 2058 695 2114 est
717 2057 858 2134 genitura
879 2056 942 2134 illa,
965 2074 1057 2130 quam
1080 2057 1113 2115 in

99 2144 195 2203 altera
225 2145 333 2220 papyri
363 2146 449 2218 parte
479 2144 621 2218 scriptam
652 2163 716 2204 esse
747 2163 839 2222 supra
868 2145 1111 2205 commemoravi.

98 2233 144 2292 De
167 2251 204 2292 ea
227 2232 279 2309 qui
295 2232 410 2308 primus
434 2232 557 2309 scripsit
575 2232 606 2292 O.
621 2233 669 2292 W.
686 2232 831 2294 Goodwin
854 2254 890 2293 ex
911 2233 1113 2310 positionibus

99 2321 290 2398 planetarum
313 2321 357 2379 ibi
379 2321 519 2381 indicatis
542 2323 728 2398 computavit
746 2341 858 2382 annum
877 2323 1009 2399 spectari
1030 2326 1114 2399 post

101 2406 362 2486 chr.n.154.**)
401 2411 466 2486 Ego
491 2430 608 2488 quoque
633 2431 699 2470 cum
722 2412 754 2471 in
778 2414 852 2471 hanc
875 2431 939 2471 rem
961 2411 1114 2488 inquiren-

101 2499 172 2557 dum
200 2516 265 2558 esse
293 2499 445 2574 ducerem,
472 2500 619 2577 collegam
645 2500 920 2561 coniunctissimum
948 2501 1116 2561 Kiliensom

102 2586 136 2646 G.
156 2587 193 2646 D.
210 2587 246 2647 E.
265 2587 429 2665 Weyerum
455 2589 560 2666 rogavi
582 2594 619 2648 ut
645 2608 712 2648 cam
735 2591 989 2666 computationem
1015 2591 1115 2651 denuo

101 2676 282 2736 institueret.
316 2677 394 2737 Sunt
407 2680 507 2736 autem
522 2678 578 2736 hae
592 2678 765 2755 positiones,
779 2698 856 2757 quae
871 2679 983 2755 partim
1002 2679 1115 2740 diserte

101 2766 254 2843 leguntur,
276 2767 396 2842 partim,
417 2767 472 2826 ubi
488 2767 596 2825 lacuna
613 2767 739 2827 haustae
758 2772 837 2845 sunt,
855 2787 891 2827 ex
909 2769 1017 2827 ceteris
1037 2787 1116 2843 quac

102 2858 208 2914 auctor
230 2855 316 2914 addit
339 2857 420 2915 certo
443 2855 658 2915 restituuntur:
683 2855 829 2917 Saturnus
853 2857 885 2916 in
907 2857 1047 2935 Virgine,
1073 2851 1116 2918 1⁰.

102 2943 239 3020 Iuppiter
267 2944 300 3002 in
323 2943 461 3020 Virgine,
491 2935 526 3003 8⁰
541 2935 601 3004 20'.
650 2945 731 3005 Mars
760 2947 792 3004 in
824 2946 972 3022 Geminis,
1004 2937 1116 3006 6⁰12'.

103 3032 205 3092 Venus
228 3033 260 3091 in
283 3033 392 3110 Tauro,
416 3024 473 3092 20⁰
486 3023 548 3093 45¹.
585 3034 751 3095 Mercurius
774 3036 805 3094 in
828 3035 941 3114 Ariete,
966 3027 1030 3097 20⁰.
1070 3035 1118 3094 Ea

193 3201 217 3271 *)
240 3201 275 3256 V.
300 3217 372 3269 quae
397 3201 514 3271 exposui
538 3201 569 3256 in
592 3203 686 3260 Herm.
711 3204 767 3260 vol.
787 3206 820 3259 X.
843 3225 870 3276 p.
886 3212 973 3274 ttsq.
1009 3204 1118 3259 Tamen

104 3273 137 3328 V.
153 3272 350 3326 Gardthausen
368 3272 490 3342 (Griech.
504 3273 650 3345 Palaeogr.
668 3294 695 3345 p.
712 3280 773 3345 154)
793 3279 880 3346 negat
898 3293 932 3331 ea
950 3279 1120 3346 argumenta

106 3343 143 3398 ad
162 3341 348 3398 definiendam
366 3343 516 3398 voluminis
535 3347 660 3400 aetatem
679 3345 806 3404 sufficere
825 3347 923 3403 rideri.

177 3415 220 3485 **)
238 3414 273 3470 V.
293 3415 408 3471 annales
426 3415 520 3485 Lepsii
539 3417 684 3486 (Zeitschr.
703 3417 723 3472 f.
737 3421 850 3490 aegypt.
866 3419 946 3490 Spa),
964 3418 1004 3472 VI
1022 3421 1120 3490 (1868)

93 3485 359 3557 p.18;Melanges
378 3485 620 3559 egyptclogiques,
640 3495 692 3542 2¹³⁰
710 3490 780 3545 serie
799 3509 827 3560 p.
842 3497 902 3546 294.
