2392 3840
440 112 711 168 ΑποεπΑεΜΑτιΑ
1015 116 1077 180 131

57 262 206 348 potestati
229 260 380 326 traditum
403 258 581 340 quotidiano
606 260 806 322 commentari
831 261 1009 328 seruitutem.
1032 303 1078 312 —

62 353 139 419 Rus.
163 352 243 434 Imp.
262 348 304 426 Il,
323 350 352 413 2.
399 346 449 412 Ad
473 368 518 411 or.
542 346 612 411 adv.
639 346 897 431 Aristogitonem
921 351 1076 420 reseris

154 440 229 505 215.
259 438 342 518 (liiid
367 437 396 501 si
424 437 547 501 taudem
575 435 674 500 iudice
701 441 817 500 uatura
843 436 924 503 bauc
949 461 1078 509 causam
1092 470 1132 509 ue

64 548 232 616 operamus,
250 548 329 610 quae
348 527 394 590 ita
412 525 520 590 divisit
537 525 658 589 uirilem
672 529 701 587 et
712 526 889 591 muliebrem
902 549 1078 616 personam,

62 627 98 685 ut
119 640 213 685 suum
235 617 343 698 cuique
364 634 441 696 opus
463 618 553 696 atque
574 613 713 696 officium
736 614 945 702 distribueret,
973 624 1001 683 et
1026 643 1078 704 epo

62 711 144 774 bruc
167 707 351 773 ostenderem
373 703 516 767 muliebri
537 704 602 767 ritu
623 722 686 767 esse
707 723 763 768 suo
785 725 908 786 corpore
930 707 1077 775 abusum:

62 819 165 864 uouue
188 794 443 861 uehementissime
461 792 679 873 admiraretur,
701 793 731 856 si
747 795 911 875 quisquam
928 817 991 861 uou
1006 821 1078 880 pra·

63 889 221 953 tissimum
239 903 353 948 muuus
371 881 583 958 arbitraretur,
601 883 704 946 airum
722 901 754 946 se
770 889 888 968 uatum,
906 887 960 950 sed
971 889 1078 969 depra-

62 982 132 1042 oato
152 980 285 1040 uaturae
303 971 443 1124 belqerioio
461 972 496 1033 iu
514 971 672 1035 mulierem
686 977 853 1038 conuertere
860 978 1077 1057 properasset?

66 1103 105 1113 —
132 1062 308 1145 Rut.Lup.
361 1061 423 1143 ,6.

154 1152 228 1218 216.
253 1155 342 1215 Nom
363 1149 499 1214 bomiuis
521 1149 612 1213 arari
634 1152 724 1230 atque
750 1152 830 1216 asoti
855 1174 954 1218 riuum
982 1155 1077 1220 idem·
1092 1179 1132 1221 rm

63 1264 121 1326 que
143 1243 254 1307 uitium
284 1244 343 1304 est:
380 1243 505 1320 uterque
534 1239 616 1301 euim
645 1239 741 1302 uescit
769 1242 817 1304 uti
845 1247 935 1324 atque
957 1247 1079 1327 utrique

56 1333 196 1416 pecuuia
219 1329 356 1395 dedecori
378 1332 429 1393 est.
477 1325 580 1405 Quare
606 1327 714 1390 merito
736 1330 859 1410 utrmue
881 1333 959 1412 pari
975 1354 1078 1414 poeua

63 1423 263 1503 afficiuntur,
294 1436 370 1499 quos
392 1416 514 1498 pariter
544 1436 608 1480 uou
635 1416 715 1479 dccet
740 1414 856 1482 babere.
907 1419 1079 1506 Id.11,9;

65 1513 106 1576 ci.
126 1512 289 1591 Anonym.
313 1507 351 1570 de
376 1506 497 1570 schem.
516 1527 545 1570 v.
564 1503 630 1569 140
649 1526 717 1588 sqq.

154 1599 229 1664 217.
278 1594 367 1679 Copis
402 1615 451 1659 me
488 1594 624 1658 iuiuriae
659 1597 729 1656 tuae
760 1614 887 1660 oausam
914 1600 1077 1681 proferre?
1092 1625 1134 1665 rm

63 1688 157 1754 Nibil
180 1687 265 1769 apis·
297 1706 359 1749 uou
386 1686 497 1750 dicam.
545 1681 607 1748 Sed
633 1683 735 1764 ipsum
763 1689 880 1770 tempus
908 1707 975 1750 eam
993 1694 1079 1769 pote-

62 1779 166 1860 faciet.
215 1775 287 1839 Rut.
308 1773 342 1837 L.
360 1771 402 1856 H,
428 1774 478 1837 11.

155 1865 230 1929 218.
259 1863 320 1928 Sed
341 1883 392 1946 epo
416 1863 491 1940 iam,
514 1861 641 1942 tutum,
663 1880 818 1926 summum
841 1883 877 1928 ac
900 1864 1077 1949 lepitimum,
1092 1891 1132 1931 ra

64 1958 147 2040 quod
164 1955 299 2037 exposui,
318 1972 402 2017 meae
420 1971 532 2017 causae
549 1952 599 2014 ius
617 1950 740 2029 omitto;
764 1953 846 2018 robis
864 1955 945 2034 quod
962 1956 1079 2037 aequis-

62 2047 182 2112 simum
214 2043 354 2107 uideatur
385 2047 421 2106 ut
456 2040 649 2105 constituatis
678 2041 834 2122 permitto.
890 2047 965 2108 Nou
997 2045 1078 2108 euim

63 2156 182 2216 uereor,
219 2133 308 2214 quia,
345 2131 466 2195 etiamsi
505 2130 548 2194 sit
582 2149 695 2193 uorum
727 2131 810 2196 robis
846 2133 1079 2218 iustitueudum,

64 2225 192 2290 libenter
210 2222 245 2285 id
262 2221 343 2301 quod
357 2218 483 2301 postulo
496 2223 623 2300 propter
640 2219 806 2284 utilitatem
825 2223 994 2288 commuuis
1012 2243 1078 2288 cou-

63 2311 238 2380 suetudiuis
260 2308 442 2391 sequamini.
470 2344 507 2353 -
533 2305 608 2371 Rut.
626 2305 706 2392 Lup.
724 2307 767 2392 Il,
793 2311 842 2374 17.

156 2400 231 2464 219.
263 2402 385 2472 Δοκεϊς
411 2398 474 2480 γὰρ
503 2395 606 2461 αὐτὸν
638 2397 758 2475 elusim
791 2397 911 2464 Herod.
934 2422 965 2464 π.
990 2421 1077 2480 (χημ.
1093 2426 1132 2465 rm

64 2490 158 2575 vm,
182 2488 246 2553 597
268 2489 319 2550 W.

136 2705 190 2755 215
214 2699 305 2752 iudice
327 2703 431 2752 matura
454 2714 485 2763 ¹3
513 2697 617 2752 iudices
638 2694 718 2760 libri;
747 2697 863 2764 iudices,
889 2700 966 2766 apud
989 2702 1079 2770 ipsam

63 2779 196 2828 malueram
212 2769 317 2839 steph,
336 2776 440 2823 matura
458 2769 549 2822 iudice
565 2767 621 2822 del.
635 2768 745 2823 taudem
760 2767 793 2822 ei.
808 2769 900 2824 Halm.
916 2800 950 2810 —
965 2789 1034 2840 quoe
1047 2790 1077 2827 x:

64 2847 144 2915 atqui
171 2841 218 2896 vol
246 2847 327 2910 atque
353 2838 420 2893 libri
447 2841 489 2908 (ut
516 2856 585 2908 quae
611 2837 749 2906 Iacobus).
771 2869 805 2879 -
828 2841 934 2895 uirilem
961 2849 986 2897 et
1013 2843 1077 2896 add.

63 2913 177 2973 Ruhnk.
195 2914 362 2980 (virilemque
374 2913 441 2979 post
453 2911 609 2965 muliebrem
627 2909 690 2964 add.
706 2909 859 2979 Pithoeus).
874 2942 908 2951 -
918 2915 1079 2985 personam]

63 2994 197 3043 maturam
219 2999 270 3052 per
292 2997 414 3036 errorem
433 2982 460 3036 S.
479 3012 513 3020 -
535 2988 560 3036 et
583 2997 630 3050 epo
652 2979 808 3050 Rigaltius3
832 2999 886 3036 om.
906 2989 932 3037 et
953 2982 1021 3037 libri
1044 2989 1080 3052 (et

64 3062 138 3114 burro
157 3057 353 3112 osteudereuus
371 3054 437 3108 mal.
456 3053 587 3121 Ruhnk.).
607 3081 640 3092 —
660 3053 787 3107 muliebri
806 3052 916 3122 Steph.;
938 3057 981 3110 tui
999 3056 1080 3111 liberi

64 3128 140 3185 libri.
161 3158 195 3168 -
215 3127 330 3206 abusum
349 3124 457 3206 §tepha
478 3125 613 3179 adlusum.
632 3154 665 3162 —
683 3123 731 3178 sed
744 3125 818 3194 depr.
838 3125 940 3178 Aldus:
958 3142 986 3180 se
1003 3128 1079 3196 depr.

64 3235 103 3328 ti.
116 3194 897 3336 10111111111111111ἕ11111111
910 3197 1080 3325 tullii

64 3337 390 3410 FuhrlMus.Rh.18'l8
409 3356 436 3407 p.
452 3339 522 3408 309).
543 3368 575 3377 -
599 3341 651 3391 218
676 3339 783 3392 etiamsi
789 3340 836 3403 ait
854 3337 979 3395 Ruhnk.:
998 3344 1081 3396 etiam

64 3418 102 3470 sit
126 3411 207 3467 codd.
227 3415 256 3464 et
274 3409 368 3476 basil,
393 3411 474 3463 etiam
496 3411 522 3463 si
540 3425 597 3464 exc.
617 3406 752 3462 Gronovii
776 3411 805 3463 et
823 3409 932 3465 aldina.
949 3443 984 3451 -
1002 3415 1088 3462 smm-

65 3486 197 3542 tueudum
217 3483 395 3552 (instituatis,
418 3480 530 3553 medum)
549 3481 663 3536 liberter
679 3478 819 3536 laistim.
838 3511 875 3520 -
889 3485 950 3533 ‘m
964 3475 1121 3538 “lxxem

860 3567 902 3621 Qir-
