2392 3840
370 120 419 175 DE
438 119 521 176 HYP.
540 119 774 186 ELOQVENTIA
978 120 1078 176 XLVII

66 267 188 347 ηρκώε,
216 272 255 350 τῇ
285 267 321 330 δὲ
344 272 400 345 τῆς
423 266 577 346 εόρέςεως
601 266 781 348 πανουργίᾳ
804 265 934 330 πάντας.
981 266 1027 330 ἐτι
1045 268 1081 331 δέ

63 361 123 421 τοῦ
147 357 340 436 κρινομένου
364 357 538 420 διαπαντὸς
566 355 686 434 ἔχεται,
719 357 770 420 καὶ
797 360 865 420 τοῖς
898 353 1081 431 ἀναγκαίοις

61 451 122 511 τοῦ
146 444 336 524 πράγματος
359 446 579 524 προςπέφυκε,
602 447 653 508 καὶ
677 445 796 509 ςυνέςει
819 447 924 527 πολλῇ
948 446 1078 525 κεχορή-

60 556 169 615 γηται,
195 535 247 598 καὶ
271 533 401 613 χάριτος
425 533 537 613 μεςτός
560 534 637 598 ἐςτι·
660 535 711 598 καὶ
735 536 840 597 δοκῶν
864 531 996 611 ἁπλοῦς,
1020 533 1079 597 οὐκ

57 624 262 704 ἀπήλλακται
290 622 482 702 δεινότητος.
519 623 637 687 τούτου
666 625 829 701 Ζηλωτέον
853 621 985 701 μάλιςτα
1009 625 1076 685 τῶν

58 716 241 793 διηγήςεων
272 713 310 776 τὸ
343 713 464 777 λεπτὸν
495 712 546 776 καὶ
578 711 767 791 ςύμμετρον,
805 710 851 775 ἔτι
881 713 917 774 δὲ
947 710 1078 775 καὶτὰς

57 801 212 883 ἐφόδους,
238 800 316 883 (αῖς)
340 802 393 866 ἐπὶ
415 802 456 865 τὰ
479 799 649 880 πράγματα
674 800 799 879 βαδίζει.

148 895 193 954 Ιό.
214 895 251 953 de
274 894 425 954 Dinarcho
449 913 473 954 ο.
494 895 526 953 6:

147 981 186 1044 ‘O
207 977 237 1042 δ’
258 979 451 1058 Ὑπερείδης
481 979 560 1043 κατὰ
588 979 645 1056 μὲν
668 980 727 1057 τὴν
750 979 887 1058 ἐκλογὴν
910 981 977 1042 τῶν
1001 977 1074 1043 ὀνο-

56 1070 170 1149 μάτων
193 1070 324 1146 ἡττᾶται
348 1067 470 1147 Λυςίου,
495 1068 575 1132 κατὰ
599 1068 634 1130 δέ
657 1068 715 1131 τόν
735 1068 953 1146 πραγματικὸν
971 1068 1074 1132 τόπον

58 1161 218 1239 διαφέρει.
260 1161 415 1237 διηγεῖται
434 1157 470 1220 δέ
490 1160 672 1235 πολλαχῶς,
696 1157 776 1220 ποτὲ
796 1158 853 1234 μὲν
872 1156 952 1220 κατὰ
971 1158 1075 1237 φύειν,

58 1248 139 1312 ποτὲ
164 1247 201 1309 δὲ
226 1244 373 1311 ἀπὸτοῦ
400 1246 514 1311 τέλους
542 1246 595 1310 ἐπὶ
617 1248 676 1325 τὴν
708 1244 810 1324 ἀρχὴν
842 1247 1074 1325 πορευόμενος·

55 1340 224 1401 πιςτοῦται
252 1334 280 1398 δ’
303 1334 343 1399 οὐ
371 1333 442 1399 κατ’
471 1334 635 1414 ἐνθύμημα
663 1333 779 1412 μόνον,
812 1332 895 1398 ἀλλά
923 1337 973 1399 καὶ
1001 1334 1075 1400 κατ’

55 1425 248 1504 ἐπιχείρημα
271 1425 452 1488 πλατύνων.

146 1518 233 1578 Idem
256 1517 328 1577 ibid.
351 1536 374 1577 ο.
395 1521 413 1577 7
422 1531 428 1567 ²

145 1601 285 1680 Ὁμοίως
308 1602 359 1665 καὶ
382 1602 435 1665 ἐπὶ
457 1604 524 1664 τῶν
546 1599 757 1677 Ὑπερείδου·
781 1598 838 1663 ἐὰν
860 1604 917 1678 τῆς
941 1601 998 1678 μὲν
1022 1603 1072 1666 λέ-

54 1698 137 1758 ξεως
160 1693 200 1755 τό
228 1689 369 1770 ἰςχυρόν,
402 1695 458 1768 τῆς
491 1691 527 1753 δὲ
560 1690 734 1753 ςυνθέςεως
765 1688 803 1751 τό
836 1686 974 1767 ἁπλοῦν,
1007 1693 1073 1753 τῶν

54 1784 91 1847 δὲ
117 1779 318 1860 πραγμάτων
346 1780 384 1842 τὸ
409 1778 570 1856 εὔκαιρον,
598 1782 654 1857 τῆς
682 1778 718 1840 δὲ
746 1782 938 1856 καταςκευῆς
965 1777 1002 1840 τό
1031 1780 1071 1858 μὴ

53 1870 209 1950 τραγικόν
233 1869 311 1948 μηδέ
335 1867 478 1945 ὀγκῶδες
502 1866 573 1951 ἔχῃ·
597 1870 698 1930 ταῦτα
721 1866 781 1944 γάρ
801 1868 929 1944 μέγιετα
948 1865 1071 1931 ἐκείνου

54 1964 115 2024 τοῦ
139 1958 260 2037 ἀνδρὸς
282 1956 349 2021 ἴδιά
371 1957 468 2021 ἐςτιν·
490 1955 685 2035 Ὑπερείδου
709 1957 839 2032 λεγέτω.

145 2051 303 2129 Longinus
326 2051 379 2127 qui
401 2050 513 2110 dicitur
536 2047 609 2124 περὶ
632 2045 736 2123 ὕψους
758 2049 898 2108 XXXIV:

146 2136 181 2202 Εἰ
204 2134 234 2199 δ’
256 2134 391 2219 ἀριθμῷ,
422 2137 462 2215 μὴ
490 2139 536 2217 τῷ
564 2136 691 2212 μεγέθει
720 2133 859 2212 κρίνοιτο
887 2135 927 2199 τὰ
958 2155 1070 2214 κατορ-

55 2227 204 2305 θώματα,
236 2224 339 2289 οίίτως
369 2223 409 2288 ἂν
440 2224 491 2287 καὶ
513 2223 704 2302 Ὑπερείδης
733 2228 780 2306 τῷ
811 2225 907 2287 παντὶ
937 2225 1071 2302 προέχοι

55 2316 296 2394 Δημοεθένους.
356 2312 419 2376 ἔςτι
460 2313 521 2391 γάρ
563 2312 663 2376 αὐτοῦ
704 2311 979 2391 πολυφωνότερος
1020 2314 1072 2377 καὶ

56 2404 191 2469 πλείους
215 2401 331 2481 ἀρετὰς
354 2401 448 2480 ἔχων,
467 2403 519 2466 καὶ
543 2402 657 2479 ςχεδόν
681 2399 822 2480 όπακρος
846 2400 882 2464 ἐν
901 2405 1003 2479 πάςιν,
1026 2401 1071 2465 ὡς

55 2492 75 2556 δ
93 2494 285 2569 πένταθλος,
309 2490 389 2556 ὥςτε
411 2494 477 2554 τῶν
497 2491 554 2569 μὲν
574 2489 741 2568 πρωτείων
760 2491 796 2553 ἐν
815 2488 910 2553 ἅπαςι
929 2494 995 2554 τῶν
1015 2489 1070 2554 ἄλ·
1127 2530 1131 2541 ·

55 2703 229 2770 Ὑπερείδου,
248 2707 309 2756 ταῖς
321 2717 353 2756 τε
367 2700 535 2767 οἰκονομίαις
548 2700 740 2767 ἀκριβεςτέρου
754 2702 799 2753 καί
816 2705 877 2753 ταῖς
894 2707 1072 2755 καταςκευαῖς

53 2775 253 2841 γενναιοτέρου
277 2789 336 2827 πωε
359 2774 441 2827 όντος
458 2777 517 2825 τῶν
536 2772 684 2825 Λυςιακων.
704 2801 738 2810 -
758 2772 889 2838 εόρέςεως
911 2769 1018 2825 Usener
1036 2787 1071 2824 ex

53 2843 155 2900 Paria:
181 2860 237 2898 om.
251 2841 281 2895 in
299 2843 351 2898 lac.
372 2841 459 2897 ceteri
478 2842 647 2911 (οἰκονομίας
665 2857 718 2909 ego
737 2843 839 2907 antea).
857 2872 895 2882 -
911 2848 970 2897 τοῖς
988 2842 1071 2909 ἀναγ-

54 2917 142 2972 καίοις
159 2914 208 2970 Ue.
228 2932 262 2968 ex
280 2914 354 2970 Pan:
377 2923 438 2970 ταῖς
461 2915 601 2979 ἀνάγκαις.
621 2943 654 2953 -
672 2914 889 2982 προςπέφυκε(ν)
908 2912 988 2968 οοόό.
1009 2914 1069 2967 Us.:

54 2989 172 3057 πέφυκε.
188 3016 223 3026 -
237 2985 361 3058 χάριτος]
378 2985 412 3042 ef.
428 2985 462 3040 de
476 2984 540 3039 Din.
556 2990 585 3039 8:
605 2985 631 3038 οἱ
650 2986 699 3050 μὲν
718 2983 879 3052 Ὑπερείδην
899 2986 1069 3051 μιμούμενοι,

54 3059 257 3126 διαμαρτόντεε
269 3062 320 3124 τῆς
333 3059 445 3126 χάριτος
459 3057 565 3124 ἐκείνης
579 3058 623 3109 καὶ
637 3060 688 3122 τῆς
702 3057 786 3124 ἄλλης
800 3057 950 3123 δυνάμεως,
966 3056 1070 3121 αιἰχμη·

55 3130 98 3197 ροί
119 3145 196 3185 τινες
219 3129 358 3193 ἐγένοντο.
378 3160 411 3170 -
431 3131 535 3183 ἁπλοῠς
570 3129 667 3181 tamen
685 3126 779 3181 media
803 3125 915 3182 dicendi
933 3125 1025 3180 forma
1042 3124 1070 3180 ei

54 3199 191 3256 trfbuitur
209 3199 317 3268 proleg.
332 3200 369 3254 ad
384 3201 515 3268 Hermog.
567 3197 641 3255 .Rh.
658 3197 703 3254 Gr.
718 3198 779 3264 vll,
794 3204 837 3254 26.
853 3229 886 3239 -
902 3198 1068 3268 διηγήςεων]

56 3271 89 3326 ef.
106 3271 217 3343 proleg.
232 3269 364 3340 Hermog.
378 3271 397 3327 l.
412 3289 448 3327 c.:
467 3271 591 3337 γίγνεται
610 3271 640 3324 δὲ
658 3271 784 3338 ἡδυτάτη
804 3268 908 3339 (αοίλὴ
928 3270 1068 3339 διήγηςις),

55 3344 103 3397 ἐὰν
125 3344 241 3410 γνώμας
264 3343 422 3412 άναμείξης,
446 3345 490 3396 καί
514 3341 708 3409 ἀρχαιολογίαν
728 3342 805 3411 είπης
824 3341 970 3408 εὐκαίρως,
994 3342 1067 3408 ὡςη

55 3416 125 3482 παρ’
140 3412 286 3481 Ὑπερείδῃ
311 3416 355 3468 καί
377 3418 452 3481 ἤθεα
471 3416 516 3467 καί
533 3414 629 3468 πάθεςι
647 3413 813 3467 ποικίλλεται
832 3411 894 3538 ἳιδί
912 3410 1080 3466 mamm

57 3485 203 3540 Deliacam
222 3482 325 3554 respici
343 3485 416 3541 vidit
430 3483 501 3557 Bb.).
516 3516 552 3526 -
566 3483 611 3541 αἷς
628 3481 696 3541 add.
708 3485 844 3543 λλοοιιοδε
872 3483 976 3556 Qu„
987 3478 1103 3534 xfflt·
