2392 3840
249 895 476 971 Praefatio
505 897 721 972 editionis
748 899 920 975 tertiae.

169 1183 189 1260 ἓ
214 1189 240 1244 1.
286 1185 448 1262 Hyperidis
474 1186 644 1244 orationum
673 1190 721 1246 sat
748 1205 892 1265 magnam
919 1190 1038 1264 partem
1074 1199 1169 1264 Codices

65 1297 146 1336 cum
178 1275 381 1350 locupletibus
411 1274 532 1333 scholiis
563 1276 656 1334 etiam
682 1275 762 1337 XVI.
786 1277 906 1337 saeculo
934 1277 1037 1337 Budae
1056 1254 1173 1356 ῗὲξξῖἇξὲ

67 1368 104 1424 in
120 1363 309 1423 bibliotheca
322 1363 469 1422 Matthiae
480 1361 602 1423 Corvini
615 1365 695 1439 regis
711 1366 862 1424 exstitisse
876 1367 1037 1426 memoriae

69 1453 228 1513 traditum
258 1456 317 1529 est,
352 1452 404 1518 sed
437 1455 599 1528 antequam
631 1452 701 1510 inde
733 1455 764 1511 in
797 1454 896 1513 lucem
927 1455 1091 1534 prodirent,

72 1552 170 1618 capta
200 1541 273 1600 urbe
303 1560 321 1600 a
349 1541 454 1600 Turris
487 1559 513 1600 a.
533 1542 623 1601 <1526
655 1541 837 1601 bibliotheca
868 1543 922 1601 illa
952 1546 1092 1620 neglecta

73 1631 181 1707 periit.
228 1630 376 1691 Salvusne
400 1630 440 1690 sit
462 1629 625 1706 Hyperidis
652 1630 744 1689 codex
772 1648 810 1688 an
837 1631 942 1708 iniqua
968 1632 1092 1692 fortuna

74 1722 258 1796 absumptus
280 1720 328 1796 sit,
347 1737 427 1778 nunc
444 1720 604 1796 nescimus,
626 1738 723 1797 neque
741 1720 840 1797 magis
859 1720 895 1779 de
914 1720 1021 1780 ceteris
1040 1722 1099 1797 qui'

75 1809 153 1868 alibi
172 1809 321 1869 exstitisse
339 1809 551 1868 incertioribus
570 1809 740 1870 rumoribus
758 1809 907 1887 feruntur,
930 1809 1091 1888 quicquam

75 1901 266 1973 compertum
285 1890 478 1980 habemus.*)
511 1898 605 1957 Plura
622 1899 752 1959 fortasse
771 1899 934 1976 aliquando
954 1900 1091 1977 sciemus,

75 1988 104 2046 si
130 1987 225 2046 bonae
248 1988 388 2046 fortunae
411 1987 559 2062 placuerit
581 1987 678 2066 magis
708 1988 799 2048 etiam
826 1989 1002 2048 memoriam
1031 1990 1091 2049 cla-

72 2076 190 2135 rissimi
210 2076 338 2138 cratoris
357 2075 548 2155 resuscitare,
572 2096 663 2153 quam
681 2078 825 2153 proximis
845 2078 996 2138 decenniis
1020 2079 1092 2138 fecit

150 2263 176 2331 ²²)
193 2263 236 2317 De
250 2263 294 2317 his
309 2264 392 2317 rebus
407 2262 536 2316 omnibns
551 2264 585 2317 cf.
596 2262 747 2334 Kiessling.
776 2263 929 2320 Comment.
943 2266 978 2320 de
986 2265 1090 2335 Hyper.

73 2335 87 2387 I
102 2351 131 2402 p.
147 2338 163 2387 9
177 2336 264 2404 (140);
283 2333 453 2403 Babington.
480 2333 598 2389 Journal
616 2335 648 2390 cf
664 2335 793 2390 elassical
811 2336 868 2391 and
887 2336 984 2391 sacred
997 2337 1091 2406 philo-

73 2406 144 2474 logy
163 2407 174 2458 l
197 2423 224 2473 p.
240 2411 305 2475 4073
329 2405 364 2460 H.
379 2406 480 2474 Hagen.
501 2406 613 2472 Quaest.
631 2405 765 2476 Hyperid.
786 2406 912 2476 (Lipsiae
932 2411 1012 2478 1870)
1031 2428 1058 2479 p.
1076 2415 1090 2463 1

75 2479 105 2530 et
130 2482 172 2531 76.
196 2508 229 2516 —
252 2477 295 2530 De
322 2476 373 2531 illo
399 2475 496 2532 codice
523 2476 647 2532 Budensi
674 2479 695 2532 I.
718 2479 751 2534 A.
775 2477 958 2533 Brassicanus
985 2481 1090 2536 tradit=

72 2547 1091 2676 illiti*‘iithtlitdltttmfllttll?rthrttlllillihi

77 2661 341 2745 Gesneri’biblioth.
357 2689 529 2744 editionibus
543 2707 616 2759 quae
635 2693 700 2760 post
718 2707 743 2747 a.
760 2696 828 2746 1545
847 2691 1011 2761 prodierunt
1027 2711 1048 2748 s.
1063 2711 1089 2749 v.

73 2760 233 2830 Hyperides
256 2761 373 2831 legitur:
402 2762 568 2831 „Hyperidis
591 2762 751 2832 fragmenta
772 2763 913 2831 quaedam
932 2766 1091 2820 orationum

75 2834 191 2886 exstant
205 2833 279 2903 apud
293 2832 410 2887 Paulum
426 2832 593 2888 Bornemiza
611 2835 772 2904 episcopum
789 2834 820 2887 in
833 2835 997 2904 Hungan'a“
1011 2837 1050 2902 (h.
1065 2852 1088 2890 e.

73 2903 104 2956 in
130 2903 345 2959 Transilvaniae
373 2903 478 2974 oppido
507 2905 581 2959 Alba
605 2904 689 2973 Iulia,
717 2907 793 2973 quod
822 2903 907 2960 hodie
934 2905 1090 2975 Karlsburg

73 2973 256 3045 nominatur).
268 3007 302 3016 -
312 2978 350 3031 lo.
361 2975 498 3045 Taylorus
507 2992 590 3045 porro
603 2977 633 3029 in
646 2976 735 3047 praef,
746 2977 783 3031 ad
791 2976 936 3032 Demosth.
946 2975 1090 3048 (Schaefer

74 3047 148 3115 App.
163 3045 225 3102 crit.
240 3046 253 3100 Ι
271 3065 297 3116 p.
314 3050 376 3116 102)
401 3047 535 3102 describit
558 3047 684 3102 codicem
706 3049 963 3115 membranaceum,
986 3046 1016 3101 in
1035 3065 1089 3118 quo

74 3116 214 3172 insuerint
237 3117 435 3186 „antiquorum
457 3118 600 3173 rhetorum
619 3119 741 3174 selectae
761 3119 915 3185 orationes,
938 3123 970 3172 ut
987 3117 1089 3175 Demo-

77 3188 196 3257 sthenis,
216 3188 362 3258 Aristidis,
381 3189 513 3258 Himerii,
532 3189 696 3260 Hyperidis,
716 3189 862 3256 Libanii“;
882 3206 945 3244 eum
964 3190 1090 3245 codicem

75 3260 109 3384 {r
134 3261 312 3386 ppissessione
325 3261 573 3386 {awliflflffll}
589 3260 801 3388 Sarisberienrstis
829 3261 925 3388 fuisse·
965 3261 1012 3388 rIiItl
1028 3261 1090 3345 iure

76 3347 754 3478 2uaiurecusasset?⁰
783 3351 831 3387 ,m
855 3349 878 3388 ⁶1
915 3349 950 3388 0¹
