2392 3840
126 147 190 210 124
492 149 762 204 ΑΠΟΕΠΑΕΜΑΤΙΑ

72 350 151 391 svm
430 328 497 394 LX.
527 331 636 394 ΥΠΕΡ
660 329 831 395 ΦΡΥΝΗΕ.

215 471 264 536 De
287 493 384 536 eausa
407 470 447 534 cf.
466 471 557 549 Τέχν.
582 468 730 555 Seguerii
752 495 782 555 p.
802 471 844 536 57
869 467 945 556 (Sp.
964 471 1028 537 Rh.
1048 471 1102 540 Gr.
1120 475 1137 540 Ι

126 584 156 644 p.
175 560 250 642 455,
271 558 403 625 Οοιιιιιλ.
424 560 472 623 ed.
492 557 639 623 Graeven
657 583 688 642 p.
702 558 775 645 42);
798 560 836 624 de
856 562 1013 626 orationis
1028 564 1141 630 indole

129 649 293 731 [Longis]
317 672 348 713 π.
372 649 476 727 ὕψους
499 646 649 731 XXXIV,
672 649 708 731 33
731 649 837 724 Quint.
856 649 895 733 X,
918 648 949 733 5,
972 653 1003 716 2.

73 761 112 802 rer
216 739 290 803 171.
320 738 486 818 ὡμιληκὼς
516 740 552 802 δὲ
582 738 633 801 καὶ
663 739 772 821 Φρύνῃ
801 745 840 824 τῇ
871 738 981 824 ἑταίρᾳ
1012 739 1141 823 ἀςεβεῑν

125 830 293 911 κρινομένῃ
322 826 546 906 ςιινεξητάςθη·
576 826 673 890 αὐτὸς
700 828 761 906 γὰρ
788 831 885 892 τοῦτο
908 829 945 892 ἐν
973 829 1056 916 ἀρχῇ
1079 837 1140 897 τοῦ

126 917 226 994 λόγου
260 920 360 995 δηλοῖ.
407 914 527 981 Virx
558 937 603 980 or.
632 938 664 997 p.
687 916 751 980 849
774 914 813 981 Ε.
836 953 877 962 -
906 918 943 981 ἐν
975 924 1023 1002 τῷ
1056 920 1138 1000 ὑπὲρ

127 1008 253 1084 Φρύνης
277 1004 366 1087 λόγῳ
388 1005 465 1068 Ὑπ.
486 1003 657 1082 ὁμολογῶν
680 1006 758 1083 ἐρᾶν
780 1011 837 1085 τῆς
859 1007 1020 1083 γυναικός.
1063 1009 1138 1074 Ath.

125 1092 208 1157 XIII
235 1117 267 1177 p.
286 1093 352 1157 590
369 1091 409 1156 Ι).
433 1129 476 1138 -
507 1095 673 1172 διελέχθην
710 1093 789 1178 αὐτῇ
827 1096 878 1158 καὶ
915 1095 1143 1181 διειλεγμένος

126 1180 193 1265 εἰμὶ
222 1179 282 1267 (de
314 1179 509 1266 concubitu)
540 1181 584 1246 ὼς
607 1182 719 1261 Ὑπερ.
743 1181 890 1267 P011.V‚
913 1184 966 1248 93.
990 1221 1035 1231 -
1062 1187 1138 1252 Ὑπ.

128 1274 164 1335 δὲ
196 1269 417 1354 διειλεγμένος
446 1271 499 1335 ἐπὶ
527 1270 732 1351 ἀφροδιςίων,
768 1270 975 1353 id.11,124.
1003 1311 1042 1321 -
1069 1277 1141 1341 διοι-

126 1357 283 1442 λένεοθαι
314 1361 366 1423 καὶ
397 1361 435 1424 τὸ
467 1361 649 1438 πληςιάζειν
685 1365 755 1425 ταῖς
792 1362 947 1441 γυναιξίν,
984 1362 1030 1427 ὡς
1063 1365 1139 1430 Ὑπ.

126 1447 246 1514 Moeris
269 1472 299 1533 p.
321 1449 393 1533 195,
417 1450 436 1514 8
460 1448 519 1513 Bk.

74 1560 114 1600 ree
219 1539 292 1603 172.
313 1538 388 1602 Ὑπ.
413 1540 448 1602 δὲ
471 1537 569 1601 πάλιν
592 1539 628 1602 ἐν
651 1543 696 1621 τῷ
719 1538 800 1617 ὑπὲρ
825 1541 960 1618 Φρύνης,
984 1540 1141 1609 ἐξιςάῑον·

126 1648 190 1707 τος,
215 1627 264 1691 ὅτι
288 1627 384 1691 αὐτός
407 1648 441 1690 τε
461 1627 512 1691 καὶ
531 1626 643 1691 Εὐθίας
661 1627 855 1706 ὡμιληκότες
873 1629 951 1708 ἦςαν
971 1635 1010 1714 τῇ
1031 1632 1143 1715 Φρύνῃ

130 1753 168 1763 -
194 1753 240 1764 -
263 1717 367 1795 εὑρών
389 1737 460 1780 τινα
484 1716 645 1795 διαφορὰν
668 1715 769 1795 ἔφυγε
792 1718 831 1781 τὸ
854 1716 996 1783 ἐξιςάζον
1021 1723 1145 1800 φήςοις·

128 1805 169 1870 οὐ
192 1806 256 1889 γὰρ
280 1804 397 1887 ὅμοιόν
421 1804 490 1868 ἐστι
513 1804 572 1867 τὸν
595 1799 656 1887 μέν
679 1805 767 1878 ὅπως
790 1809 978 1887 σωθήσεται
1002 1805 1041 1872 ἐκ
1059 1830 1141 1873 παν-

126 1895 182 1970 τὸς
214 1896 341 1975 τρόπον
374 1897 491 1976 ζητεῖν,
523 1893 583 1956 τὸν
615 1889 652 1956 δὲ
684 1893 772 1969 ὅπως
803 1893 966 1960 ἀπολέσει.
1013 1896 1143 1980 Syrien.

129 1983 169 2047 ad
188 1981 299 2047 Herm.
317 1980 365 2046 IV
383 2004 413 2066 p.
436 1983 498 2047 119
516 1973 569 2046 W.
594 1977 656 2068 (ed.
675 1983 765 2046 Rabe
784 1982 824 2062 ΙΙ,
841 1984 912 2068 31);
935 1983 975 2048 cf.
994 1984 1141 2052 Marcell.

75 2094 147 2222 serp
224 2159 297 2224 173.
324 2160 367 2222 Τί
386 2158 448 2242 γάρ
472 2158 562 2224 ἐστιν
584 2160 673 2224 αἰτία
696 2158 795 2244 αὕτη,
819 2161 851 2225 el
874 2161 1033 2250 Ταντάλῳ
1057 2161 1145 2248 ὑπὲρ

127 2256 185 2330 τῆς
213 2252 360 2332 κεφαλῆς
389 2251 485 2323 λίθος
514 2246 686 2332 κρέματαις
724 2248 816 2313 Alex.
840 2249 878 2314 de
907 2251 1027 2317 schem.
1051 2252 1142 2332 VHI,

127 2361 157 2420 p.
176 2337 241 2402 457
263 2336 323 2420 W„
347 2341 383 2402 ut
406 2342 577 2416 οιαςυρμοῦ
600 2339 791 2422 exemplum.

75 2448 114 2488 ιον
220 2427 292 2491 174.
315 2424 572 2503 ἀνεπόνιτεντος·
594 2426 669 2491 Ὑπ.
694 2429 798 2511 ἐντῷ
822 2427 874 2492 ὑπ.
898 2429 1035 2509 Φρύνης.
1057 2430 1076 2495 ὁ
1100 2434 1142 2511 μὴ

128 2516 334 2579 ἐποπτεύςας.
385 2514 500 2599 Harp.;
535 2515 574 2580 cf.
601 2515 638 2579 B.
662 2515 702 2580 A.
725 2516 805 2601 398,
830 2517 885 2600 113
916 2516 998 2584 Poll.
1022 2519 1070 2604 ΙΙ,
1098 2520 1143 2586 58

129 2602 387 2683 (ἀνεπόνιτεννον
410 2605 484 2669 Ὑπ.
510 2604 626 2686 φηςίν).
854 2625 856 2629 ·

75 2715 114 2754 ιιι
219 2692 292 2758 175.
315 2693 587 2759 ἐπωπτευκότοιν·
624 2695 699 2759 Ὑπ.
719 2696 755 2759 ἐν
777 2700 824 2778 τῷ
846 2695 927 2774 ὑπὲρ
951 2698 1009 2776 Φρ.
1039 2697 1143 2784 Harp.

200 2943 248 2992 171
266 2940 413 3006 ὡμιληκὼς
427 2941 457 2994 δὲ
472 2943 516 2993 καὶ
526 2938 691 2995 Buecheler:
707 2937 745 2994 ὡς
754 2939 825 2994 εἰκὸς
835 2942 865 2994 δὲ
875 2943 920 2994 καί
930 2940 991 3011 δίκῃ
1007 2944 1045 3011 (ν.
1057 2961 1144 3014 supra

126 3010 184 3065 Vir.
204 3009 306 3079 Hyper.
328 3011 378 3079 18).
412 3011 454 3063 ia
477 3012 561 3065 αὐτὸς
583 3013 636 3077 γὰρ
660 3014 715 3066 κτὲ.
740 3010 898 3065 referunlur
922 3011 959 3065 cd
986 3015 1144 3082 ὡμιληκώς.

128 3086 227 3135 -172
246 3081 317 3134 haee
337 3097 449 3149 quoque
468 3081 495 3137 S.
510 3082 546 3135 ed
564 3082 738 3151 prooemium
756 3081 855 3136 refert:
874 3082 1032 3151 explicasse
1047 3086 1142 3157 Hype-

128 3151 226 3220 ridem,
246 3169 295 3205 eur
307 3169 359 3221 pro
373 3152 483 3220 Phryne
501 3152 589 3207 verbe
606 3153 721 3208 faceret.
748 3152 857 3206 Dixeris
870 3154 965 3222 potius
980 3157 1143 3212 excusantis

129 3239 198 3288 esse,
218 3240 280 3277 cum
295 3223 355 3293 ipse
369 3222 476 3293 pariter
490 3226 575 3291 alque
595 3223 772 3279 adversarius
790 3240 884 3279 amore
899 3226 1026 3295 Phrynes
1042 3231 1143 3299 eaptus

129 3296 215 3360 essei;
236 3297 267 3347 et
280 3311 467 3365 nequequam,
482 3296 575 3362 inquil
589 3295 752 3364 Hyperides,
768 3296 867 3349 eedem
880 3295 990 3351 ratione
1005 3315 1141 3355 amemus.

127 3371 169 3429 τῷ
193 3367 261 3432 ὑπὲρ
287 3364 338 3432 SV,
363 3367 454 3421 Rche:
478 3372 537 3420 τοῖς
555 3367 643 3422 Walz.
667 3398 701 3407 -
724 3368 848 3422 ἀπολέςει
866 3367 960 3423 Welz:
984 3371 1143 3427 ἀπολέςειεν

130 3433 182 3499 SV,
201 3436 287 3489 Rabe.
307 3467 339 3476 -
359 3442 411 3492 174
430 3439 639 3492 ἀνεπόπτευτον
657 3440 691 3492 τὸ
711 3442 746 3503 μὴ
767 3441 929 3493 ἐποπτεῠον.
967 3443 1060 3498 οὕτως
1078 3447 1142 3498 ὑπε-

121 3507 207 3573 ρίὸης
222 3505 272 3560 ΕΤ
292 3509 321 3560 ολ
339 3508 368 3564 Β,
388 3511 421 3565 Α.
442 3507 521 3564 Suid.
540 3540 574 3549 -
593 3512 686 3579 φὺνης
702 3509 748 3564 Ac
768 3509 841 3576 Ale„
858 3512 952 3578 φήνης
969 3512 1002 3568 B.
