2392 3840
441 149 713 205 ΑΠΟΕΠΑΕΜΑΤΙΑ
1018 145 1080 211 121

64 297 158 363 attin.
177 296 215 361 Β.
234 295 274 359 A.
294 295 345 376 78,
365 295 415 359 18.
437 331 474 342 -
495 295 571 359 Ὑπ.
592 297 627 359 δὲ
651 297 702 360 καὶ
726 294 830 374 ὄνομα
849 293 990 373 ἐποίηεε·
1013 304 1081 358 τῶν

64 388 180 452 τόπων
202 385 265 468 τήν
288 381 470 466 ἀλιμενίαν.
517 383 599 448 Poll.
617 383 642 465 I,
668 385 741 449 101.

159 474 232 539 151.
261 471 397 559 ῥόθιον·
442 473 518 536 Ὑπ.
548 473 584 537 ἐν
612 478 658 557 τῷ
687 474 759 552 περὶ
786 477 844 536 τοῦ
872 475 953 538 Πολ.
978 491 1137 548 ετρατ.ιει

69 563 176 648 Harp.
205 599 251 610 -
279 561 355 626 Ὑπ.
379 566 425 645 τῷ
458 561 556 645 ῥοθίῳ
587 559 643 626 ἐπ’
672 562 805 641 εἰρεεία(
834 563 982 640 κέχρηται
1013 580 1083 624 εον-

69 651 264 731 τονωτάτηε.
297 651 373 730 φηεὶ
396 655 492 727 γοῦν·
524 652 561 716 τὸ
594 646 655 733 μὲν
688 645 750 715 οὖν
779 660 846 714 τῶν
874 648 1084 714 ἐλαυνόντων

71 746 205 826 πλῆθος
235 736 291 815 καὶ
322 740 382 803 τὸν
413 747 474 803 τοῦ
504 739 628 822 ῥοθίου
659 740 772 824 ψόφον
801 736 915 803 καὶτὸ
944 735 1085 820 μέγεθος

69 828 308 984 τοῦόἳσέιοίφους
331 826 591 912 ἐκπεπληγμένοι
614 829 732 904 δεινῶς
753 822 848 912 ήσαν.
895 825 983 892 Suid.
1006 827 1040 910 2,
1063 827 1084 890 2

66 942 97 1004 p.
189 968 198 984 .

283 1021 431 1088 XLVIII.
461 1023 570 1089 ΠΡΟ(
593 1024 879 1090 ΠΟΛΥΕΥΚΤΟΝ.
1007 1023 1008 1026 ’
1062 1039 1139 1083 xm

164 1147 239 1214 158.
261 1147 490 1230 Κυδαντίδης·
518 1148 594 1212 Ὑπ.
618 1149 654 1213 ἐν
681 1155 728 1233 τῷ
756 1151 836 1229 πρὸς
859 1152 957 1215 Πολ·
985 1149 1083 1229 δῆμός
1098 1165 1137 1208 ωε

70 1241 136 1305 έετι
158 1243 216 1317 τῆ(
239 1237 375 1322 Αἰγῇδος
401 1236 595 1301 Κυδαντίδοι.
641 1236 797 1321 Harpocr.

161 1326 237 1391 159.
266 1326 342 1390 Ὑπ.
367 1323 396 1388 δ’
423 1325 459 1390 ἐν
488 1331 534 1409 τῷ
565 1327 646 1404 πρὸ(
672 1329 754 1392 Πολ.
783 1346 897 1407 φηειν·
927 1325 992 1392 είσί
1021 1328 1084 1410 γὰρ
1099 1347 1139 1388 ιω

68 1416 106 1482 ἐν
135 1424 176 1499 τῇ
210 1415 378 1500 συμμορίᾳ
405 1411 523 1498 ἑκάστη
551 1411 594 1479 ιε’
623 1415 752 1495 ἄνδρες.
797 1415 955 1498 Harpoer.
979 1416 1034 1499 al„
1057 1439 1085 1480 ν.

66 1507 133 1590 frg.
154 1503 233 1588 1463
257 1503 297 1568 ef.
316 1505 415 1567 etiam
439 1503 618 1568 Philemon.
641 1527 673 1587 p.
694 1505 756 1568 141
782 1526 829 1588 sq.
848 1505 896 1568 ed.
916 1504 1037 1568 Osann.

128 1662 243 1729 XLIX.
265 1664 355 1728 ΠΕΡΙ
380 1663 463 1728 ΤΟΥ
485 1663 768 1728 ΠΥΡΡΑΝΔΡΟΥ
794 1664 961 1729 ΚΛΗΡΟΥ.
986 1661 1141 1748 (?)xnv11

163 1790 237 1855 160.
260 1787 459 1862 Κακώσεως·
484 1787 569 1866 δίκη(
593 1785 696 1866 ὄνομά
719 1789 802 1852 έετιν
827 1823 867 1833 -
893 1805 951 1833 -·
975 1788 1084 1866 Δημο-
1100 1809 1139 1849 ωι

68 1881 185 1958 εβένηε
218 1878 299 1941 κατὰ
329 1876 544 1955 Τιμοκράτου(
576 1877 627 1940 καὶ
656 1876 769 1941 Λυκία(
802 1875 837 1940 έν
869 1897 904 1940 τε
935 1880 982 1960 τῷ
1014 1878 1087 1954 περὶ

67 1973 132 2034 τοῦ
155 1966 380 2046 Ἡγηεάνδρου
407 1967 526 2043 κλήρου
554 1966 605 2030 καὶ
635 1966 671 2030 ἐν
699 1971 745 2050 τῷ
768 1965 849 2044 ὑπὲρ
874 1963 988 2049 [**καὶ
1011 1965 1086 2030 Ὑπ.

68 2056 161 2138 περὶ]
195 2059 254 2120 τοῦ
282 2057 382 2133 Πυρρ.
409 2056 537 2133 κλήρου.
583 2053 632 2118 ὅτι
663 2056 699 2118 δὲ
730 2057 803 2135 ἐξῆν
832 2058 884 2119 καὶ
914 2056 1010 2119 παντὶ
1041 2059 1087 2139 τῷ

70 2146 263 2228 βουλομένῳ
287 2142 464 2223 γράφεεθαι
491 2143 658 2207 κακώεεωε
686 2145 812 2220 γονέων
843 2146 894 2209 καὶ
921 2149 991 2209 ταῑε
1019 2145 1086 2208 ἐπι-

67 2237 204 2314 κλήροι(
229 2237 367 2312 βοηθεῖν,
391 2235 544 2311 δηλοῦται
567 2231 603 2296 έν
626 2253 661 2296 τε
684 2238 730 2316 τῷ
754 2235 974 2318 προειρημένῳ
999 2233 1087 2316 λόγῳ

68 2322 272 2401 Ὑπερείδου
299 2322 351 2385 καὶ
379 2321 415 2384 ἐν
442 2325 489 2403 τῷ
512 2319 626 2384 Λυκίου
655 2322 735 2386 κατὰ
758 2323 939 2387 Φιλωνίδου
969 2322 1088 2402 βιαίων,

69 2415 100 2479 εἰ
126 2414 263 2491 γνήειοε.
308 2408 466 2494 Harpocr.

449 2567 484 2633 L.
516 2567 723 2634 POAIAKOC.
1040 2591 1141 2630 xnvm

166 2694 215 2761 cf.
238 2692 306 2758 vit.
324 2691 355 2756 X
378 2714 424 2757 or.
443 2715 474 2776 p.
494 2692 559 2758 850
577 2693 617 2756 A.

168 2784 242 2850 161.
265 2791 460 2863 προπεσεῖν·
484 2785 654 2861 προπετῶε
677 2804 706 2846 τι
730 2787 864 2862 ποιήεαι.
901 2779 980 2846 Ὑπ.
999 2783 1086 2847 <Ροδ.
1102 2803 1141 2842 188

149 2947 200 2995 157
223 2941 397 2994 πολυεύκτου
420 2939 451 2991 Β.
471 2969 504 2978 -
528 2937 651 2994 XLVIII.
678 2937 758 2992 Hane
783 2941 853 2994 orat.
872 2955 928 2992 non
950 2937 1090 2992 diversam

70 3014 164 3068 fuisse
184 3028 202 3064 a
219 3010 316 3066 XLVI.
336 3009 369 3065 ci.
385 3009 416 3064 A.
433 3009 605 3064 Schaeferun.
625 3041 658 3048 -
680 3016 730 3064 159
750 3013 780 3065 ἐν
798 3011 847 3082 τῇ]
867 3013 897 3064 ἐν
917 3012 986 3079 ἀρχῇ
1006 3009 1038 3062 A.
1054 3041 1090 3049 -

70 3083 172 3141 XLIX.
196 3083 277 3137 Hanc
296 3083 451 3136 orationem
465 3080 601 3150 Hyperidi
618 3080 745 3135 reddidit
759 3084 795 3150 8.,
814 3099 877 3136 cum
897 3098 930 3134 ex
949 3080 1091 3148 sequenti-

72 3159 129 3212 bus
138 3152 290 3223 Hyperidis
305 3153 428 3220 aliquam
443 3155 599 3206 orationem
612 3152 757 3206 laudatam
772 3156 856 3207 antea
869 3152 956 3206 fuisse
971 3153 1089 3220 constet,

70 3229 146 3294 ὑπὲρ
167 3226 263 3279 ναίον]
277 3240 310 3278 eo
324 3222 416 3277 minus
431 3224 468 3276 ad
483 3225 586 3290 κλήρου
601 3223 843 3278 accommodatum
858 3226 903 3292 sit,
918 3222 1090 3292 quodmodo

72 3299 163 3366 Harp.
190 3299 328 3363 περὶτοῦ
351 3297 455 3362 κλήρου
481 3293 598 3350 dixerat.
635 3295 695 3347 Iam
718 3295 879 3349 Maussncns
905 3297 970 3348 ante
996 3297 1026 3349 ἐν
1048 3303 1090 3365 τῷ

72 3371 147 3436 ὑπὲρ
170 3367 328 3420 inseruerat
347 3367 499 3434 Ὑπερίδης.
537 3364 657 3419 Meierns
676 3371 770 3419 autem
788 3366 842 3420 ita:
867 3397 900 3406 -
920 3396 954 3406 -
974 3368 1030 3432 Ἡγ.
1050 3371 1090 3420 κλ.

74 3443 123 3496 καί
147 3441 178 3494 έν
200 3445 243 3508 τῷ
266 3439 336 3505 ὑπὲρ
358 3443 410 3491 τοῦ
429 3438 464 3492 Π.
485 3440 525 3492 κλ.
545 3440 590 3491 καὶ
610 3439 701 3504 Ὑπερ.
721 3439 750 3492 ἐν
773 3445 815 3508 τῷ
833 3441 896 3506 περὶ
914 3479 942 3492 ..
959 3441 1099 3502 ,κλήοωω

74 3541 111 3553 -
130 3511 293 3577 πυρόνδρου
313 3508 402 3577 codd,
422 3525 474 3564 em.
491 3509 518 3564 S.
