2392 3840
448 128 720 183 AHOOEACMAUA
1024 129 1088 194 105

105 285 155 334 σαν
174 271 278 339 ἐλθεῖν
303 275 350 350 εἰς
379 274 441 355 τὴν
470 273 581 357 χώραν
610 273 672 355 τὴν
699 270 875 357 ἡμετέραν,
905 272 960 339 καὶ
990 280 1085 339 λῦσαι

105 358 152 440 τὴν
179 364 278 447 ζώνην
311 362 348 427 ἐν
380 363 425 449 τῷ
457 364 563 448 τόπῳ,
600 361 636 438 ὃς
668 370 732 427 νῦν
763 364 900 446 Ζωστὴρ
932 368 1088 429 καλεῖται.

105 443 204 528 Syrien.
221 454 255 517 in
274 451 429 533 Hermog.
450 452 498 516 ed.
516 452 606 515 Rabe
625 449 642 513 I
660 474 691 534 p.
706 451 748 515 37
769 473 830 536 sq„
853 453 938 516 Max.
951 452 1087 518 Planud.

103 533 134 617 V,
151 540 217 624 481,
237 542 288 607 10.
308 576 348 586 -
368 539 491 604 Eadem
516 540 621 622 magis
642 540 740 605 etiem
763 540 899 624 integra,
923 541 979 606 sed
997 543 1088 624 paul·

103 623 155 690 lum
170 629 345 694 immutatis
360 630 470 693 verbis
490 629 620 693 exhibet
637 628 749 695 Ioann.
769 628 829 694 Sic.
843 628 891 693 VI
904 653 935 713 p.
946 631 1012 694 210
1024 629 1088 696 W.:

103 715 205 790 λέγεται
227 719 288 798 γὰρ
311 721 369 797 τὴν
388 720 480 796 Λητὼ
504 722 642 782 κυοῦταν
665 719 700 782 ἐκ
719 719 800 783 Διὸτ
819 719 1005 784 ἐλαύνετθαι
1024 719 1088 784 ὑπὸ

102 807 144 880 τῆε
165 807 259 887 Ἥρας
289 809 369 872 κατὰ
397 811 502 872 πᾶταν
531 812 592 886 γῆν
621 827 656 872 τε
686 809 738 872 καὶ
767 808 927 873 θάλατταν
956 813 1087 887 ζηλοτυ-

102 893 209 975 πούιηε·
245 899 306 975 ἤδη
339 898 375 961 δὲ
407 896 507 975 αὐτὴν
537 897 556 974 ἡ
587 894 663 959 ὠδὶτ
700 901 922 977 καταλαβοῦεα
954 897 998 962 εῖτ
1030 899 1089 977 τὴν

101 979 234 1063 ἡμετέραν
267 987 378 1064 χώραν
415 989 504 1049 λῡται
540 987 599 1064 τὴν
635 985 756 1064 ζώνην·
793 984 867 1051 ἀνθ’
900 985 947 1050 ὧν
978 990 1037 1050 νῦν
1070 985 1089 1049 ὁ

101 1067 208 1153 Ζωιτὴρ
232 1074 297 1138 ἀπὸ
325 1079 421 1138 τοῦδε
449 1077 604 1138 καλεῖται·
637 1073 748 1138 ἔπειτα
776 1075 821 1139 εἰ(
845 1077 957 1154 Δῆλον
981 1079 1088 1155 διαβᾶ·

101 1175 145 1223 εον
170 1165 315 1243 διδύμου(
349 1168 468 1240 τεκεῖν,
505 1162 652 1242 Ἄρτεμίν
683 1184 717 1227 τε
748 1165 800 1227 καὶ
829 1163 977 1228 Ἀπόλλω
1014 1167 1089 1229 τοὺ(

101 1250 182 1316 θεούε.
205 1289 244 1298 -
274 1251 366 1316 Adde
389 1251 526 1315 Aristid.
552 1251 805 1334 1p.1571)d.:
838 1254 927 1332 Λητώ
955 1275 990 1318 τε
1019 1255 1089 1332 γὰρ,

100 1335 235 1421 λυιαμένη
266 1344 325 1420 τὴν
355 1341 461 1418 ζώνην
491 1341 527 1404 ἐν
550 1341 694 1419 Ζωττήρι
723 1346 778 1419 τῆτ
801 1338 942 1420 Ἀττικῇ(
969 1344 1020 1406 καὶ
1044 1348 1089 1407 λι-

99 1430 182 1494 ποῦια
202 1434 261 1510 τὴν
289 1429 472 1508 ἐπωνυμίαν
499 1435 545 1512 τῷ
572 1429 690 1512 τόπῳ,
711 1430 879 1508 βαδίζουτα
906 1429 956 1495 ἀεὶ
984 1431 1028 1495 εἰ(
1051 1433 1090 1495 τὸ

99 1515 161 1588 πρὸ(
185 1520 239 1599 ἕω,
268 1524 325 1598 τῆς
348 1518 511 1597 Προνοία(
534 1516 667 1597 Ἀθηνᾶ(
689 1517 880 1598 ἡγουμένητ,
910 1517 970 1583 ἀπ’
992 1518 1090 1597 ἄκρα(

98 1605 141 1679 Τῆι
160 1606 295 1687 Ἀττικῆς
326 1609 459 1686 ἐπιβᾶτα
489 1611 555 1671 τῶν
585 1609 690 1686 νήεων
723 1606 767 1670 εἰτ
799 1608 912 1685 Δῆλον
948 1609 1089 1686 καταίρει

98 1692 1141 1776 ΜΜΜΜᾟΜᾞΚΜΜΜΜΜ·

97 1785 184 1863 τλῷον
206 1785 356 1850 Ἀπόλλω
379 1792 417 1870 τῇ
442 1785 543 1864 πόλει,
568 1791 601 1848 οδ
625 1783 722 1848 schol.
744 1785 784 1848 ad
806 1784 838 1848 h.
861 1785 895 1847 L:
919 1789 1015 1848 τοῦτο
1039 1786 1090 1848 καὶ

96 1861 156 1935 Ὑπ.
178 1876 212 1939 ἐν
236 1881 282 1959 τῷ
307 1876 472 1957 Δηλιακῷ,
504 1873 698 1954 βουλόμενοτ
729 1877 828 1938 δεῖξαι
859 1872 908 1938 ὅτι
938 1874 971 1937 αἱ
1000 1878 1090 1952 νῆτοι

95 1949 174 2032 ἐλλιίτ
196 1964 253 2028 εἰει
275 1969 331 2042 τῆς
354 1961 507 2042 Ἀττικῆε,
536 1961 643 2040 εἶπεν,
667 1960 716 2025 ὅτι
740 1960 799 2026 ἀπ’
823 1961 920 2042 ἄκρα(
943 1968 998 2042 τῆς
1022 1961 1089 2027 Ἀτ-

95 2053 167 2127 Τῐλῆτ
196 2055 215 2131 ἡ
249 2054 341 2130 Λητὼ
380 2053 477 2130 ἐπέβη
514 2058 570 2130 τῆς
608 2055 713 2131 νήτου.
760 2051 859 2116 Porro
889 2051 995 2116 Schol.
1016 2051 1089 2115 vat.

91 2124 174 2232 Jeaur.
191 2143 344 2206 Aeschin.
364 2142 397 2223 3,
423 2140 500 2204 108:
531 2143 569 2204 τὸ
597 2143 633 2204 δὲ
656 2141 819 2218 Προνοία(
844 2141 929 2223 (soil.
955 2140 1090 2219 Ἀθηνᾶ(

92 2227 180 2311 Ιεδὸν)
207 2231 400 2309 Ὑπερείδης
428 2232 464 2293 ἐν
492 2231 645 2313 Δηλιακῷ
674 2236 797 2313 τυνιετᾷ
825 2230 874 2295 ὅτι
902 2232 938 2294 ἐν
961 2237 999 2314 τῇ
1023 2229 1090 2293 Ἀτ-

89 2321 147 2407 ἷῑΚῇ
179 2321 270 2384 ἐετιν.
318 2317 402 2382 Suid.
429 2323 461 2382 οδ
488 2318 631 2400 Εδμιιτολ.
651 2317 707 2383 M:
739 2319 884 2398 Πρόνοια
907 2317 1024 2397 Ἀθηνᾶ
1050 2355 1088 2364 -

86 2388 128 2462 ὁῑῑ
152 2407 351 2488 προύνόηεεν
375 2407 464 2471 ὅπως
487 2409 560 2491 τέκῃ
589 2408 609 2485 ἡ
634 2407 740 2486 Λητώ,
771 2411 803 2470 οδ
828 2407 934 2472 Sehol.
957 2406 1115 2479 Aristid„

84 2495 291 2526 L—

83 2553 171 2634 Υῆῑαι,
198 2568 249 2620 τοῡ
275 2567 362 2630 μύθου
392 2567 534 2632 ἀπήρξατο
557 2569 608 2617 τοῦ
631 2568 694 2631 περὶ
718 2567 771 2631 τὴν
797 2565 879 2631 Λητὼ
905 2566 1090 2631 γεγενημένου

84 2615 109 2671 ἐν
124 2643 161 2706 τῇ
176 2638 272 2705 Δήλῳ,
292 2639 336 2689 καλ
352 2638 518 2703 βουλόμενοι
536 2638 620 2689 δεῖξαι
635 2636 665 2688 ἐκ
683 2638 801 2688 παλαιοῦ
819 2638 873 2702 τὴν
890 2637 970 2689 πόλιν
989 2635 1091 2690 οἰκείαν

80 2689 150 2760 εῖν(λι
169 2710 355 2774 Ἀπόλλωνος,
375 2738 408 2747 -
428 2738 462 2747 -
482 2709 509 2761 ἐξ
533 2708 765 2772 ὁμολογουμένων
788 2709 960 2773 πραγμάτων
978 2710 1091 2774 ἤρξατο,

78 2755 295 2844 ἀνθῑλογοιίντων
323 2786 364 2848 τῷ
387 2781 473 2846 γένει,
499 2779 589 2843 λέγων
613 2779 676 2831 θεὸς
699 2779 748 2842 μὲν
771 2780 806 2844 ἠν
830 2778 872 2831 ἀεὶ
895 2781 940 2830 καί
962 2780 998 2831 τὰ
1021 2781 1091 2844 ἑξήε.

77 2824 131 2894 Sed
153 2849 223 2904 haee
241 2851 386 2919 poserema
405 2867 439 2903 ex
453 2847 588 2918 Gregorio
602 2847 780 2902 Nazianzeno
795 2846 886 2916 petita
900 2865 960 2902 esee
979 2850 1091 2900 demon·

73 2901 180 2974 Stravit
203 2920 231 2975 0.
253 2921 327 2974 Fuhr
346 2921 416 2974 Mus.
431 2919 483 2974 Rh.
498 2927 546 2987 41,
561 2926 621 2976 307.
646 2950 680 2960 —-
705 2920 765 2986 Syr.
784 2920 855 2972 Max.
875 2919 967 2972 Plan:
997 2920 1091 2984 βουλό-

71 2981 160 3047 μενος
178 2994 231 3060 γὰρ
250 2994 355 3046 ἐκεῖνος
373 2995 458 3046 δεῖξαι
475 2998 534 3045 τοῖτ
553 2990 707 3057 Ἀθηναῖοι(
724 2993 760 3044 τὰ
779 2992 808 3044 ἐν
823 2992 909 3059 Δήλῳ
929 2992 956 3044 ἐξ
975 2989 1091 3057 ἀρχαίου

68 3034 136 3111 ἱερὰ
161 3065 349 3131 προεήκοντα,
372 3067 466 3132 πολλῷ
490 3064 619 3129 κέχρηται
642 3069 682 3131 τῷ
702 3063 794 3131 μύθῳ,
818 3064 907 3126 λέγων
927 3064 1017 3116 οὕτω(
1035 3061 1091 3114 κτὲ.

66 3133 102 3155 χ
134 3138 208 3189 κατὰ
230 3140 284 3202 γῆν
309 3137 353 3188 καί
376 3136 447 3188 κατὰ
470 3136 604 3188 θάλατταν
627 3133 701 3187 Max.
726 3164 758 3172 -
787 3133 824 3186 εἰε
847 3137 899 3199 τὴν
922 3138 975 3200 γῆν
1002 3134 1092 3186 ἐλθεῖν

63 3172 152 3260 Max.
172 3237 206 3246 -
229 3208 363 3259 Ioannem
387 3222 443 3259 non
466 3206 529 3273 ipsa
551 3205 638 3258 verba
661 3204 811 3272 Hyperidis
836 3205 933 3258 afferre
958 3205 989 3256 Β.
1009 3207 1038 3256 et
1064 3201 1091 3257 S.

60 3260 291 3345 perspexerunt.
325 3279 419 3344 χώραν
438 3277 592 3344 (ἐλθοῦταν)
610 3274 748 3329 Meineke.
765 3306 797 3314 —
818 3276 883 3328 ἀνθ’
899 3276 951 3346 ὧν]
971 3276 1038 3328 ἔνθα
1056 3273 1092 3329 oi.

56 3313 144 3438 §40-
164 3380 196 3388 -
216 3354 267 3402 νῦν
292 3365 345 3401 om.
364 3347 438 3400 Mon.
460 3379 491 3386 -
512 3349 567 3400 ἀπὸ
585 3349 669 3400 τοῦδε
688 3350 808 3417 καλεῖται
827 3346 947 3413 Ηυλιτιλι,
967 3347 1022 3400 ἀπὸ
1040 3351 1092 3400 τοῦ
1129 3403 1133 3415 ,

52 3412 224 3512 [ἓκατικοῦ
254 3418 349 3473 codex.
369 3448 403 3458 -
426 3417 479 3487 Ap.
500 3418 593 3472 Schol.
614 3417 714 3472 Aesoh.
735 3419 764 3470 ἐν
784 3420 854 3484 Δηλ.
875 3416 987 3470 Sohulz:
1016 3419 1046 3471 ἐν
1074 3421 1098 3481 δ

84 3485 170 3559 aur„
185 3489 309 3544 om.Vet.
322 3521 356 3529 —
367 3483 488 3544 τυνίττὰτ
499 3488 591 3559 haur„
606 3487 822 3557 τυνὶετατλοδ,
832 3485 1119 3554 ευνικκοοεκὶδοκδκ»
