2392 3840
433 110 521 165 vlTA
538 111 735 167 HYPERIDIS
1003 114 1090 169 XLIII

78 258 175 325 αὐτὸν
199 255 379 322 ἀποθανεῖν
402 259 557 336 λέγουειν,
581 256 767 336 ἀπαχθέντα
786 260 947 337 μετὰτῶν
971 257 1089 342 ἄλλων,

77 349 158 414 ὅπου
182 351 488 425 γλωττοτομηθῆναι
517 348 568 411 καῖ
595 351 810 426 διαφθαρῆναι
828 348 872 412 «ὃν
902 351 1089 429 προείρηται

76 437 210 517 τρόπον·
239 437 316 500 τοὺ(
339 433 368 498 δ’
390 435 527 500 οἰκείου(
549 435 589 500 τά
619 435 695 501 ocio
723 435 882 515 λαβόντα(
899 485 906 499 .
921 487 928 500 .
944 487 950 500 .
966 487 972 499 .
989 438 1090 516 θάψαι

74 549 108 592 τε
131 525 197 606 ἅμα
220 529 291 589 τοῖε
310 528 437 602 γονειῖει
456 525 519 603 πρὸ
538 529 604 589 τῶν
626 525 786 590 Ἱππάδων
806 529 925 605 πυλῶν,
949 525 994 589 ὥ(
1013 547 1089 605 φηει

75 615 244 693 Διάδωροε
268 614 305 678 ἐν
328 618 375 696 τῷ
397 613 493 696 τρίτῳ
517 614 590 692 περὶ
613 613 793 692 μνημάτων.
840 615 910 679 νυνὶ
938 616 974 679 δὲ
998 635 1087 679 κατε-

75 709 223 785 ρήριπται
256 704 296 766 τὸ
329 708 434 781 μνῆμα
465 702 516 766 καῖ
549 702 631 767 ἔττιν
664 701 793 781 ἄδηλον.
822 740 860 750 -
886 701 1018 767 πάντων
1052 706 1087 767 δὲ
1110 721 1143 768 ιι

74 794 152 859 κατὰ
182 795 241 871 τὴν
273 790 469 870 δημηγορίαν
500 796 674 869 διενεγκεῖν
704 794 843 872 λέγεται,
874 794 1020 857 τέτακται
1051 794 1088 857 δὲ

73 880 130 947 ὑπ’
154 882 252 947 ἐνίων
277 880 341 959 πρὸ
360 880 595 958 Δημοτθένουε.
615 917 657 926 -
677 883 833 959 φέρονται
856 880 885 945 δ’
909 882 1008 946 αὐτοῦ
1032 881 1086 944 λό-
1110 898 1141 944 15

72 993 122 1048 γοι
146 971 369 1050 ἑβδομήκοντα
393 968 482 1046 ἑπτά,
507 967 553 1032 ὧν
576 969 697 1048 γνήειοί
721 971 776 1034 εἰει
800 974 999 1049 πεντήκοντα
1019 971 1086 1035 δύο.

71 1061 271 1136 -ἐγένετο
300 1059 336 1122 δὲ
363 1058 415 1121 καῖ
443 1058 523 1135 πρὸ(
551 1058 591 1120 τὰ
618 1056 788 1137 άφροδίεια
816 1062 1011 1139 καταφερής,
1041 1058 1086 1123 ὼε
1109 1074 1141 1122 16

72 1152 220 1230 ἐκβαλεῖν
249 1148 307 1226 μὲν
339 1147 397 1210 τὸν
426 1146 509 1224 υίόν,
543 1146 723 1224 εῖεαγαγεῖν
752 1149 787 1212 δὲ
817 1149 996 1228 Μυρρίνην,
1028 1151 1086 1228 τὴν

72 1235 351 1313 πολυτελεετάτην
379 1235 521 1313 ἑταίραν·
550 1235 585 1299 ἐν
613 1237 758 1314 Πειραιεῖ
786 1235 814 1301 δ’
837 1237 923 1315 ἔχειν
947 1236 1085 1316 Ἀριετα-

69 1328 182 1406 γόραν,
206 1327 243 1391 ἐν
262 1323 414 1389 Ἐλευεῖνι
438 1323 466 1387 δ’
489 1325 525 1387 ἐν
548 1328 616 1389 τοῖε
640 1325 730 1389 ἰδίοιε
753 1329 882 1406 κτήματι
902 1326 1004 1393 Φίλαν
1027 1329 1085 1406 τὴν

73 1416 226 1497 Θηβαίαν,
251 1411 348 1478 είκοει
372 1416 459 1492 μνῶν
479 1412 728 1491 λυτρωεάμενοε.
751 1451 789 1460 -
811 1415 954 1480 ἐποιεῖτό
973 1437 1008 1480 τε
1027 1417 1085 1480 τὸν
1108 1430 1138 1478 ιτ

70 1549 286 1561 ,-,..-..--.

71 1627 197 1682 11,α.-
220 1626 271 1678 oui
293 1625 359 1692 posi
381 1625 518 1690 λαβόντα(
540 1621 674 1676 excidisse
698 1622 804 1686 κομίεαι
827 1623 865 1677 είε
888 1624 1006 1691 Ἀθήνα(
1030 1624 1086 1692 (vel

69 1698 127 1753 tale
151 1696 233 1766 quid)
257 1697 307 1750 aui
328 1712 360 1749 τε
384 1694 535 1749 delendum
554 1709 615 1747 esse
639 1693 739 1746 οίαίυίῖ
757 1693 879 1760 Ριυαλτογ
902 1694 955 1747 hoo
974 1693 1085 1763 Sauppe

69 1769 201 1840 praeferi.
227 1797 262 1808 -
286 1768 431 1833 Διόδωρος
454 1764 562 1820 emend.
581 1763 732 1830 Ruhnkem
762 1765 928 1832 Ἡλιόδωρος
952 1763 1026 1818 libri.
1053 1797 1084 1805 -

70 1843 269 1909 κατερήριπται
291 1837 379 1890 AHP:
403 1839 623 1905 κατερήρειπται.
644 1866 675 1875 -
700 1840 772 1901 514.
798 1834 832 1890 of.
853 1835 933 1889 Phoi.
953 1854 981 1906 p.
995 1836 1085 1891 4961).

70 1915 85 1967 ὅ
104 1914 134 1967 τ’
148 1914 180 1966 ὲν
199 1913 302 1975 λόγοιει
321 1909 411 1963 δεινδε
430 1910 490 1963 Ὑπ.
505 1907 620 1961 Timool.
640 1906 659 1962 l.
674 1923 697 1960 ο.
717 1906 901 1961 Demostheni
919 1907 1086 1976 praeiulisso

69 1981 175 2037 Rhodii
195 1982 322 2035 oranros
341 1979 481 2046 videntur,
500 1979 534 2033 of.
549 1977 664 2046 Dionys.
678 1977 810 2033 DInaroh.
826 1984 851 2034 8.
866 2011 901 2020 -
916 1985 930 2045 §
946 1984 988 2035 15.
1009 1978 1085 2034 Suid.

71 2056 132 2110 Ὑπ.
153 2060 182 2108 1:
211 2052 259 2107 είεί
285 2053 316 2106 δὲ
343 2051 368 2104 οί
392 2053 495 2105 πάντες
519 2052 597 2115 λόγοι
623 2052 710 2104 αὐτοῦ
736 2047 787 2117 νς’,
813 2049 863 2104 ubi
885 2051 986 2106 Bornh.
1010 2052 1087 2120 (posi

70 2123 225 2180 Meursium
245 2123 303 2175 Aoo.
322 2123 397 2175 Leoi.
413 2121 439 2175 V
459 2138 481 2175 o.
497 2126 540 2188 25,
560 2119 636 2188 quod
654 2123 750 2175 monet
766 2120 844 2192 Bb.):
863 2122 949 2177 immo
967 2117 1017 2190 νβ’.
1054 2122 1086 2175 In

69 2195 163 2251 indico
191 2211 209 2248 υ
233 2191 436 2248 Studomundio
465 2191 541 2246 edito
570 2191 674 2261 (Herm.
695 2197 763 2247 1867
786 2211 812 2262 p.
831 2199 884 2248 434
895 2196 965 2263 sqq.)
991 2192 1086 2247 CLXX

70 2267 213 2322 orationes
223 2263 361 2333 Hyperidi
369 2262 538 2318 itibuuntur.
548 2269 608 2328 -ξ
624 2268 666 2319 16.
685 2263 727 2316 Ex
741 2264 900 2334 Idomeneo,
914 2267 947 2318 ui
960 2264 1085 2330 videbun

69 2339 103 2394 of.
119 2338 188 2392 Ath.
202 2335 268 2390 XIII
287 2340 340 2390 590
351 2333 383 2389 (λι
404 2337 464 2391 Ὑπ.
480 2336 534 2388 δ’ὁ
554 2336 648 2402 ῥήτωρ
668 2336 698 2388 ἐκ
716 2339 767 2401 τῆ(
779 2339 912 2407 πατρῴα(
930 2336 1017 2390 οἰκία(
1034 2339 1085 2391 τὸν

69 2411 130 2465 υἱὸν
145 2409 299 2475 ἀποβαλὼν
309 2408 479 2461 Γλαύκιππον
494 2407 639 2473 Μυρρίνην
653 2410 706 2473 τὴν
720 2410 958 2474 πολυτελεετάτην
972 2408 1084 2475 ἑταίραν

67 2483 198 2548 ἀνέλαβε,
222 2482 268 2533 καί
285 2479 394 2544 ταύτην
414 2480 462 2542 μὲν
481 2478 511 2530 ἐν
530 2478 602 2531 ἄετει
622 2479 703 2544 εῖχεν,
727 2479 757 2531 ἐν
774 2479 897 2545 Πειραιεῖ
917 2481 946 2532 δὲ
966 2479 1084 2546 Ἀριετα-

67 2554 164 2620 γάρον,
191 2550 279 2606 Φίλαν
299 2550 328 2604 δ’
342 2551 372 2603 ἐν
392 2550 531 2614 Ἐλευάνι,
554 2549 590 2615 ἣν
608 2552 720 2602 πολλῶν
739 2550 916 2616 ὼνηεάμενοε
934 2552 1084 2617 χρημάτων

68 2626 140 2692 εἶχεν
159 2623 356 2690 ἐλευθερώτατ,
374 2621 489 2687 ὕετερον
508 2620 601 2673 δὲκαὶ
620 2619 749 2686 οἰκουρὸν
766 2622 855 2687 αὐτὴν
870 2623 1027 2689 εποιήεατο,
1046 2624 1085 2675 iiic

69 2697 220 2762 Ἰδομενεὺς
233 2693 341 2759 ίετορεῑ.
370 2690 444 2745 undo
458 2691 544 2745 Φίλαν
557 2694 611 2757 τὴν
625 2706 670 2759 ap.
685 2689 775 2759 biogr.
789 2707 841 2759 pro
856 2693 960 2760 Φίλτην
975 2691 1082 2746 emend.

67 2765 185 2820 Koilius.
207 2795 240 2804 -
262 2761 338 2817 Suid.
353 2779 374 2817 s.
390 2781 415 2816 v.
433 2763 472 2816 Ὑ,
489 2769 516 2816 1:
535 2767 675 2827 γυναικῶν
699 2764 729 2815 δὲ
748 2764 865 2830 ἡττήθη.
900 2765 941 2818 Do
959 2763 1083 2834 praediis

66 2834 220 2906 Hyperidis
243 2832 395 2888 Eleusiniis
418 2834 541 2886 testatur
564 2833 645 2889 inser.
660 2833 758 2899 Ἐφημ.
773 2834 835 2901 ἀρχ.
857 2839 925 2889 1883
948 2852 976 2903 p.
993 2841 1041 2889 123
1055 2841 1083 2887 42

66 2908 216 2979 μιεθωτὴε]
243 2905 351 2973 Ῥαρίαε
376 2907 436 2960 Ὑπ.
457 2907 496 2960 Γλ.
518 2906 594 2959 Κολλ.
618 2906 655 2975 (ν.
670 2903 861 2958 Wilamowiiz
884 2905 1022 2960 Herm.X
1049 2905 1083 2973 ΙΙ,

67 2983 138 3048 229).
158 3010 192 3020 —
219 2983 292 3042 517.
315 2975 358 3029 Ex
380 2973 542 3044 Hermippo.
567 2975 632 3031 Ath.
647 2975 725 3042 VIII,
740 2983 791 3030 342
807 2974 840 3030 0:
869 2979 915 3030 καί
933 2977 1084 3043 Ἕρμιππος

67 3053 97 3106 δέ
116 3067 202 3120 φηειν
222 3051 252 3102 ἐν
270 3048 356 3117 τρίτῳ
374 3050 436 3115 περί
455 3053 514 3101 τιῖιν
534 3049 571 3101 Ic.
592 3052 655 3113 μαθ.
675 3049 792 3101 ἑωθινὸν
810 3049 861 3101 τὸν
877 3048 936 3102 Ὑπ.
951 3052 1083 3101 ποιεῑεθαι

65 3129 116 3177 νῦν
140 3123 195 3191 (ἀεὶ
219 3119 313 3188 Κυῖθ.)
332 3121 399 3173 τοὺ(
420 3120 589 3186 περιπάτου(
608 3120 638 3172 ἐν
660 3125 719 3172 τοῖε
742 3119 852 3185 ἰχθύαν.
872 3117 944 3173 unde
969 3120 1084 3173 ἑωθινὸς

65 3191 225 3263 biographo
235 3189 323 3246 West.
335 3188 507 3243 reddendum
523 3205 584 3242 esse
599 3189 632 3242 oi.
648 3189 694 3259 (of.
706 3190 742 3243 ad
757 3195 771 3254 ξ
784 3192 836 3260 18).
847 3221 879 3230 -
895 3188 936 3244 Of.
947 3187 1080 3244 Timoolis

66 3280 164 3318 versus
184 3279 230 3332 ap.
245 3260 312 3316 Ath.
327 3266 378 3314 341
395 3260 439 3313 EF
458 3264 484 3329 (e
503 3260 599 3329 Δηλίῳ
618 3260 735 3327 fabulo),
755 3260 803 3314 ubi
822 3261 857 3315 ab
877 3259 1004 3330 Harpalo
1024 3279 1082 3316 cor-

67 3335 144 3404 rupti
162 3335 376 3388 onumeraniur:
402 3363 434 3371 —
455 3363 486 3371 -
507 3333 536 3386 Α,
557 3334 573 3385 ά
591 3333 617 3386 τ’
637 3334 666 3385 ἐν
689 3332 791 3396 λόγοια
815 3333 904 3386 δεινδε
923 3334 1083 3401 Ὑπερείδηε

67 3407 130 3472 ἔχει.
159 3408 188 3461 Β.
208 3406 275 3459 τοὺ(
298 3403 473 3470 ίχθυοπώλαε
491 3405 574 3457 oiim<
591 3406 671 3470 ἡμῶν
689 3407 825 3471 πλουτιεῖ,
850 3405 1000 3473 ὀψοῳάγοε
1017 3407 1084 3471 (γάρ

69 3475 132 3533 add.
152 3475 246 3543 codd.)
272 3476 342 3529 ὥετε
366 3477 433 3530 τοὺε
457 3475 560 3545 λάρουε
585 3475 659 3530 εῖναι
682 3475 802 3544 (θρουε,
821 3505 856 3514 -
872 3474 980 3528 Ioco
992 3471 1108 3523 λεπίδα
