2392 3840
118 126 183 191 120
482 128 753 184 ΑΠΟΕΠΑΕΜΑΤΙΑ

63 294 105 334 ιιι
209 274 282 338 147
308 271 441 356 ἡγεμὼν
468 275 668 356 συμμορίας·
693 275 807 354 -ἡγ.
835 275 983 341 ἐκαλεῖτο
1015 298 1130 357 ευμμο-

119 363 188 443 ρίαε
212 362 231 426 6
253 365 405 441 προέχων
427 368 473 446 τῷ
502 363 633 446 πλούτῳ
660 364 712 427 καὶ
735 364 787 428 διὰ
809 368 906 430 τοῦτο
929 369 997 430 τῶν
1021 364 1133 431 ἄλλων

118 452 327 561 ἡγεμονεύειν
359 453 600 530 ἐπειλημμένοε,
633 451 724 515 ὼε
711 453 884 532 υποφαίνει
910 453 988 518 “.Υπ
1016 455 1054 520 ἐν
1086 462 1132 540 τῷ

119 543 200 606 κατὰ
222 543 303 606 Πολ.
350 539 506 622 Harpocr.

64 649 105 691 ιπ
208 627 302 694 *146
326 630 410 695 Τοὺε
433 631 468 694 δὲ
492 627 652 708 ἄρχοντα(
674 634 741 694 τῶν
760 634 959 710 (ομμοριτῶν
978 633 1032 697 καὶ
1051 649 1132 718 συμ

66 717 309 871 ιικμοριάὲῙχέὅ.
321 718 396 870 66
416 717 571 892 6666666
597 716 854 888 6611161166513
845 808 922 872 “.Υπ
946 818 1135 893 μετοικικῆς

122 898 307 981 συμμορίας
330 898 453 978 ταμιᾝας
499 882 581 960 PolI.
599 894 690 978 VIII,
711 897 784 961 144.

66 1007 107 1048 ιπ
213 985 286 1051 150.
310 983 441 1067 ἀγοράς.
471 984 548 1048 Υ.π
572 985 608 1049 ἐν
630 989 677 1068 τῷ
700 986 780 1050 κατὰ
802 988 883 1051 Πολ.
906 1009 940 1050 π.
963 1008 990 1051 τ.
1016 992 1134 1066 διαγρ.

121 1069 215 1140 οὗτοι
244 1071 448 1149 πολλάκις’
431 1073 553 1156 αμορολς
581 1082 764 1139 ποιοῦνται.
817 1078 939 1154 μήποτε
973 1075 1046 1141 ἀντὶ
1077 1082 1134 1142 τοῦ

121 1163 276 1228 εονόδουε
299 1166 364 1226 νῦν.
411 1160 525 1246 Harp.;
556 1162 594 1227 ef.
618 1162 733 1248 fragm.
757 1164 903 1228 cantabr.
926 1187 958 1248 p.
978 1165 1059 1245 664,
1081 1166 1136 1249 11;

120 1253 158 1317 Β.
177 1253 216 1315 Α.
236 1275 266 1334 p.
285 1251 359 1328 330,
385 1250 435 1314 10.

67 1363 106 1404 ιτα
211 1340 283 1405 151.
307 1338 535 1417 ἀνασοατάξας
558 1339 628 1405 ἀντὶ
650 1345 709 1405 τοῦ
733 1339 859 1406 ἄνωθεν
880 1341 1036 1408 εοντάξαε
1059 1344 1135 1409 Ὑπ.

122 1431 202 1495 κατὰ
224 1432 305 1495 Πολ.
351 1429 453 1512 Harp.

69 1540 108 1580 ιιι
214 1518 286 1584 152.
317 1518 514 1603 διάγραμμα.
538 1554 580 1564 -
603 1519 641 1582 τὸ
671 1518 868 1598 ταττόμενον
896 1520 933 1585 ἐν
961 1526 1032 1586 ταῖε
1064 1543 1137 1601 (ομ-

124 1609 259 1688 μορίαιε,
292 1607 413 1673 δπόεον
444 1609 575 1672 ἕκαςτον
608 1605 710 1686 ἄνδρα
743 1608 900 1689 εἰεφέρειν
930 1613 988 1674 δεῖ.
1046 1612 1138 1676 ἐτάτ-

121 1719 196 1764 τετο
230 1699 266 1762 δὲ
299 1698 338 1761 οὐ
370 1698 408 1761 τὸ
441 1697 520 1760 αὐτὸ
553 1700 660 1776 πᾶειν,
694 1697 777 1760 ἀλλὰ
809 1699 890 1778 πρὸ(
922 1701 981 1777 τὴν
1014 1700 1139 1778 τίμηειν

121 1793 179 1866 τῆ(
202 1787 316 1851 οὐείαε.
350 1787 422 1864 περὶ
446 1787 481 1850 δὲ
504 1785 630 1849 τούτων
654 1787 834 1865 ταφέετατα
853 1789 1037 1867 δεδήλωκεν
1061 1789 1139 1854 Ὑπ.

123 1877 160 1942 ἐν
200 1882 247 1960 τῷ
288 1876 368 1939 κατὰ
408 1877 489 1941 Πολ.
520 1875 592 1952 περὶ
634 1875 876 1953 διαγράμμαεοε.
931 1876 1141 1963 διαγραφεὺς

125 1968 233 2043 μέντοι
265 1965 348 2028 ἑετὶν
378 1963 396 2026 δ
427 1963 652 2042 καθιετάμενοε
689 1965 725 2028 ἐν
761 1969 831 2028 ταῖε
868 1966 1053 2044 εὀμμορίαιε
1086 1969 1142 2032 ἐπὶ

123 2060 169 2137 τῷ
194 2058 350 2130 διακρῖναι
378 2051 479 2117 πότον
510 2053 638 2117 ἕκαετοε
668 2049 748 2130 ἀνὴρ
780 2053 970 2131 εἰεενεγκεῑν
1000 2054 1143 2135 ὀφείλει,

106 2144 168 2219 Ιωε
192 2141 210 2205 6
234 2141 330 2205 αὐτὸ(
354 2140 450 2205 πάλιν
474 2142 619 2221 φανερὸν
642 2147 787 2205 ποιεῖν
751 2142 787 2206 ἐν
814 2148 860 2227 τῷ
889 2145 969 2208 κατὰ
988 2145 1141 2211 Πολυεύ-

124 2252 208 2296 κτου.
255 2229 354 2313 Harp.

71 2341 110 2381 180
214 2320 288 2384 153.
313 2320 499 2403 Θαργήλια·
520 2319 656 2384 Υπέν
637 2324 725 2408 ντῷ
748 2320 829 2384 κατὰ
854 2322 934 2385 Πολ.
978 2321 1142 2406 Harpoer.

72 2431 111 2469 181
217 2410 289 2475 154.
319 2407 538 2492 ὀβολοστατας
569 2407 599 2472 δ’
628 2371 744 2485 ἔλεγξιν
772 2410 848 2474 τοὺς
882 2411 1063 2491 δανειετάε,
1097 2413 1143 2477 ὼ(

50 2572 51 2575 ¹
125 2498 212 2577 παρά
239 2520 275 2563 τε
298 2497 373 2563 ’.Υπ
402 2500 439 2563 ἐν
470 2503 516 2582 τῷ
549 2498 629 2562 κατὰ
651 2500 732 2563 Πολ.
761 2500 812 2561 καὶ
844 2497 999 2564 πολλάκις
1033 2504 1071 2566 ἐν
1104 2510 1144 2587 τῇ

126 2587 283 2671 κωμῳδίᾳ.
329 2586 486 2671 Harpocr.
506 2611 530 2651 s
548 2610 578 2651 v.
602 2587 816 2666 ὀβολοετατεῖ.

71 2786 136 2828 xnv
171 2764 303 2830 XLVII.
326 2766 416 2832 ΠΕΡΙ
441 2766 524 2830 ΤΟΥ
547 2764 821 2830 ΠΟΛΥΕΥΚΤΟΝ
846 2764 1099 2834 (ΤΡΑΤΗΓΕΙΝ.

74 2913 113 2952 182
217 2890 291 2956 155.
304 2887 434 2954 ’Ἀκτια
453 2890 528 2954 Ὑπ.
544 2890 579 2953 ἐν
593 2895 639 2974 τῷ
653 2890 727 2967 περὶ
739 2893 797 2952 τοῦ
807 2891 888 2953 Πολ.
904 2909 1007 2967 ετοατ.
1032 2890 1147 2958 ’Άκτια

128 2979 217 3058 ἀγὼν
241 2981 378 3044 παλαιδε
400 2980 448 3058 ἢν.
495 2977 651 3059 Harpocr.

75 3089 114 3130 τοι
218 3069 291 3134 156.
316 3067 482 3152 ἀλιμενία·
505 3067 580 3130 Ὑπ.
605 3068 706 3150 ἐντῷ
725 3089 755 3130 π.
776 3088 801 3130 τ.
821 3069 902 3131 Πολ.
922 3087 1025 3144 ετρατ.
1048 3069 1145 3135 Anti-

202 3285 253 3333 150
272 3278 406 3349 οὗτοι]
379 3296 440 3333 οιον
455 3279 533 3332 οὗτοι
548 3276 693 3330 anecdae-
707 3281 853 3330 ποιοῦνται
867 3274 919 3345 frg.
935 3278 1020 3345 cant„
1035 3279 1146 3345 anecd„

129 3349 209 3418 epita
233 3357 442 3405 ποιοδντεε.-
461 3355 512 3402 152
532 3347 605 3419 Ὑπ.]
625 3347 776 3413 Ἰεοκράτηε
794 3347 880 3402 Ν.-
903 3351 953 3401 155
973 3350 1070 3404 ἄκτεια
1088 3323 1146 3405 AM’

128 3368 206 3486 Apld„
225 3421 320 3474 ἀκτεία
338 3420 423 3489 BFH,
445 3421 526 3475 ἀκτία
544 3417 590 3473 CK
609 3417 729 3487 epit.-
749 3419 810 3472 Ὑπ.
829 3422 894 3486 post
911 3419 1144 3490 Πολυεύκτουθ,

130 3492 279 3546 omB.-
297 3494 470 3545 πολυεύκτου
489 3491 668 3547 Bel-'HK-
686 3492 735 3541 156
754 3491 926 3542 πολοεύκτου
946 3489 1007 3544 cod.
1018 3507 1090 3560 apr.
1105 3511 1142 3548 m.
