2392 3840
372 96 422 151 DE
439 95 523 153 HYP.
542 95 772 163 ELOQVENTIA
924 121 928 129 ·
991 100 1077 156 XLIX

68 247 171 309 νοῖξαι
196 241 237 307 τὰ
260 241 385 321 ὄμματα
408 244 548 322 δύναιτο,
570 245 590 323 ἢ
610 241 871 323 ἀντοφθαλμῆται
894 250 962 310 tots
981 245 1078 311 ἐπαλ-

65 335 175 413 λήλοιε
200 332 325 396 ἐκείνου
349 331 487 396 πάθεειν.

153 426 214 484 Dio
238 424 390 502 chrysost.
414 425 527 502 XVIII,
553 429 607 485 11:

153 511 249 588 Πλὴν
283 510 341 573 οὐκ
375 509 414 574 ἂν
448 511 513 588 ἐγώ
547 531 595 574 τοι
623 510 882 591 ευμβουλεύεαιμι
909 511 1078 578 τὰπολλὰ

64 599 194 664 τούτοιε
215 598 338 683 (Lysiae
361 606 392 662 et
410 596 620 685 Demostheni)
643 598 858 678 ἐντυγχάνειν,
888 598 958 663 ἀλλ’
976 600 1076 666 Ὑπε-

66 689 156 771 ρείδῃ
179 708 216 752 τε
240 690 364 766 μᾶλλον
387 689 439 751 καὶ
461 688 602 771 Αἰεχίνη·
632 688 757 752 τούτων
780 688 841 768 γὰρ
865 687 1077 768 ἁπλούετεραί

63 798 100 842 τε
125 776 157 841 αἱ
181 776 331 855 δυνάμει(
358 777 410 840 καὶ
429 776 659 855 εὐληπτότεραι
682 777 714 840 αἱ
737 777 936 856 καταεκευαί,
966 779 1016 843 καὶ
1039 781 1076 843 τὸ

65 865 186 930 κάλλοε
210 869 277 929 τῶν
300 864 469 944 ὀνομάτων
493 866 589 930 οὐδὲν
613 865 745 930 ἐκείνων
769 866 969 945 λειπόμενον.

153 959 358 1034 Hermogenes
386 955 459 1033 περὶ
489 955 585 1019 ἰδεῶν
614 954 682 1033 τόμ.
708 951 739 1035 β’
763 979 787 1019 c.
812 962 851 1019 21
877 981 911 1036 p,
930 963 994 1020 382
1015 961 1075 1020 W.:

154 1042 191 1108 Ὁ
217 1040 245 1107 δ’
267 1043 459 1121 Ὑπερείδης
482 1045 521 1107 τὸ
544 1045 601 1122 μὲν
625 1044 772 1122 ἐπιμελὲε
794 1044 903 1122 ἥκιετα
926 1045 1000 1124 ἔχει,
1025 1047 1075 1110 διὸ

64 1133 116 1197 καὶ
138 1131 238 1210 ἦττον
262 1133 399 1196 δυνατὸε
427 1131 508 1196 εἶναί
535 1153 605 1196 πωε
635 1137 734 1212 δοκεῖ,
763 1135 897 1211 μέγεθοε
925 1136 961 1198 δὲ
988 1135 1075 1219 αὐτῷ

63 1221 148 1286 ἐετιν
172 1221 367 1300 ὑπέρογκον,
392 1221 526 1299 εκληρὸν
550 1222 586 1284 δέ
609 1225 706 1285 τοῦτο
730 1223 781 1285 καὶ
804 1221 843 1285 οὐ
871 1225 1074 1302 κεκραμένον,

65 1309 147 1374 ὥετε
172 1311 213 1389 μὴ
238 1310 364 1389 <osopo
388 1309 423 1374 ed
451 1315 496 1393 τῷ
529 1310 626 1393 ἠθικῷ
658 1311 709 1373 καὶ
740 1315 869 1393 καθαρῷ
902 1315 1075 1391 κεκρᾶεθαι.

63 1398 181 1477 κίνηειτ
210 1399 246 1462 δὲ
278 1400 329 1462 καὶ
360 1398 518 1477 γοργότηε
551 1397 718 1477 εχημάτιιιν
750 1398 835 1462 πάνυ
863 1398 955 1479 ὀλίγη
987 1402 1075 1480 παρὰ

59 1488 179 1572 τούτῳ,
205 1488 350 1567 δεινότηε
373 1489 409 1552 δὲ
432 1488 452 1566 ἡ
476 1488 556 1551 κατὰ
584 1489 721 1565 μέθοδον
746 1486 808 1550 ἔετι
833 1489 889 1564 μὲν
912 1491 964 1552 καὶ
986 1491 1074 1569 παρὰ

60 1580 135 1641 πᾶει
167 1581 237 1640 τοί(
274 1574 385 1640 ἄλλοι(
421 1576 548 1656 ῥήτορα
581 1577 633 1639 καὶ
664 1575 752 1654 παρὰ
783 1575 901 1657 τούτῳ,
938 1576 1073 1643 ἔλαττον

58 1667 94 1728 δὲ
118 1667 137 1745 ἣ
162 1664 244 1729 κατὰ
273 1667 331 1743 τὴν
360 1665 447 1744 παρὰ
469 1670 515 1749 τῷ
538 1664 635 1747 Λυτίᾳ
664 1684 699 1727 τε
731 1664 782 1727 καὶ
805 1660 916 1746 Ἰεαίῳ,
946 1667 997 1729 καὶ
1027 1665 1073 1730 ἔτι

57 1759 105 1837 τῷ
128 1753 297 1837 κορυφαίῳ
326 1753 445 1833 αὐτῶν,
479 1755 564 1831 λέγω
591 1758 638 1837 τῷ
666 1752 872 1831 Δημοεθένει.
918 1754 1006 1832 παρὰ
1036 1756 1071 1819 δὲ

56 1841 233 1926 Ὑπερείδῃ
257 1841 404 1922 κάκείνην
429 1842 517 1921 εὕροι
545 1862 591 1906 τι(
619 1841 659 1906 ἂν
682 1843 740 1921 τὴν
765 1839 945 1921 δεινότητα,
973 1845 992 1923 ἢ
1021 1844 1073 1907 καὶ

62 1931 214 2010 φαίνεται
246 1931 298 1994 καὶ
334 1930 430 2010 ἔετιν,
468 1932 540 2011 οὐχὶ
576 1933 634 2010 τὴν
670 1931 751 1995 κατὰ
787 1931 925 2009 μέθοδον
962 1930 1071 2011 μόνην,

62 2020 203 2084 επανίωε
236 2022 357 2100 μέντοι,
394 2019 478 2085 ὅπου
511 2041 548 2099 γε
584 2021 636 2085 καὶ
672 2020 759 2099 παρὰ
795 2024 841 2105 τῷ
874 2021 1071 2100 Δημοεθένει

125 2245 317 2316 Hermogenes
335 2247 472 2318 Hyperidi
489 2246 564 2302 inter
579 2247 720 2316 principes
738 2253 790 2302 τοῦ
808 2251 950 2303 πολιτικοῦ
969 2249 1066 2319 λόγον,

56 2319 173 2388 excepto
185 2318 384 2388 Demosthene,
397 2318 514 2374 tertium
527 2319 620 2373 locum
635 2318 769 2388 assignat,
785 2318 950 2388 antepositis
964 2335 1066 2391 nempe

54 2388 141 2458 Lysia
162 2392 194 2443 tet
211 2390 300 2444 isaac.
337 2391 371 2445 cf.
390 2393 536 2460 praeterea
557 2409 585 2460 p.
601 2396 652 2445 387
671 2391 719 2458 (de
737 2388 936 2460 Antiphonte):
960 2393 1067 2457 μεγέθει

56 2462 87 2515 δέ
105 2466 206 2529 χρῆται
224 2463 274 2527 μὲν
293 2463 344 2516 οὐκ
362 2461 455 2532 ὀλίγῳ,
475 2467 566 2516 καλῶ(
584 2463 614 2516 δέ
627 2478 687 2515 nuic
700 2464 745 2515 καὶ
760 2462 957 2532 ευννφαεμένιμ
973 2465 1017 2516 καί
1032 2465 1066 2517 οὐ

55 2533 127 2587 κατὰ
145 2533 198 2587 τὸν
218 2532 379 2600 Ὑπερείδην
398 2535 549 2600 διεετηκότι
566 2539 625 2587 τῶν
643 2534 744 2600 ἄλλων,
768 2533 797 2585 et
816 2551 841 2599 p.
858 2536 909 2586 331
929 2532 964 2587 de
982 2533 1068 2601 Lysia

56 2605 85 2657 et
103 2601 260 2672 Hyperide:
283 2606 362 2671 odeo
380 2605 433 2672 γὰρ
453 2605 479 2658 οἱ
497 2607 595 2672 ἄνδρε(
613 2605 791 2672 ἠθικώτεροι,
813 2608 873 2657 ταῖς
892 2605 923 2658 δέ
941 2607 1068 2671 pesona<

56 2677 102 2728 καί
123 2670 236 2741 μᾶλλονῖ

126 2747 204 2800 Inter
213 2745 353 2801 Romanos
363 2745 458 2801 Cicero
467 2744 639 2815 Hyperidem
649 2760 742 2815 saepe,
757 2744 807 2798 sed
817 2742 939 2800 breviter
948 2762 1067 2817 semper,

56 2819 266 2871 commemorat.
305 2817 339 2872 de
363 2819 433 2871 orat.
448 2816 500 2887 ΙΙΙ,
515 2822 563 2872 28:
591 2817 759 2872 Snooitotern
785 2817 936 2885 Isocrates,
959 2821 1068 2874 sabtili-

55 2893 137 2943 totern
156 2888 273 2958 lysias,
292 2905 405 2944 cannen
423 2889 591 2959 Hyperides,
619 2889 739 2943 sonitem
757 2887 915 2955 Aeschines,
939 2889 994 2944 oin
1012 2889 1068 2943 De·

54 2960 203 3015 mosthenes
221 2960 327 3015 tabuit.
345 2992 378 3000 -
398 2959 476 3014 Brut.
492 2964 556 3014 2862
580 2957 749 3031 (Demetrius
767 2956 858 3028 Phal.)
877 2963 915 3013 est
933 2960 1069 3028 (ioridior,

54 3036 86 3085 nt
100 3031 143 3086 ito
157 3032 256 3097 dicon,
271 3048 352 3100 quarn
366 3031 531 3102 Hyperides,
544 3048 626 3101 ynam
640 3029 751 3100 lysias.
761 3059 796 3072 —
811 3028 887 3084 Orat.
899 3035 947 3085 90:
966 3029 1069 3100 lysios

54 3104 123 3158 sctis
147 3101 278 3172 (facetus)
306 3108 331 3157 et
353 3102 520 3228 Hyperides,
548 3103 684 3158 Demades
710 3108 818 3170 praeter
845 3106 943 3157 ceteros
969 3103 1068 3170 fertur,

53 3173 245 3229 Demosthenes
271 3175 363 3228 rninns
408 3175 511 3229 otetur.
527 3203 560 3213 -
587 3178 651 3228 110:
676 3171 841 3241 (Demosth.)
868 3173 940 3227 nihii
966 3173 1069 3243 Iysioe

53 3245 207 3299 subtilitate
225 3245 304 3310 cedit,
321 3245 394 3299 nitri
407 3245 527 3314 asyntiis
544 3250 570 3299 et
587 3246 712 3300 acumine
725 3243 877 3314 Hyperidi,
894 3245 966 3298 nidd
984 3245 1067 3301 ideoi-

53 3321 109 3372 tcte
127 3316 258 3370 Aeschini
277 3322 302 3371 et
324 3317 468 3385 splendore
489 3317 639 3372 antornm.
657 3345 691 3354 -
711 3314 780 3369 Cum
798 3313 883 3383 Lysia
900 3314 974 3384 Hyp.
994 3333 1068 3371 com-

52 3386 170 3456 ponitur
188 3387 274 3442 etiam
293 3386 427 3444 Brutti.
447 3392 494 3454 68;
513 3404 576 3442 cum
593 3385 783 3441 Demosthene
803 3384 1012 3454 thelestes,
1031 3388 1067 3443 de

55 3457 480 3526 orat.1,sa.headem.1,1o;
509 3459 545 3513 ab
573 3461 693 3526 αλιοηιτο
719 3457 807 3515 ratde
834 3455 949 3513 distans
974 3457 1087 3510 didm

106 3558 253 3610 Ererernrs,
269 3558 302 3598 ed.
313 3558 387 3602 Btcss.
860 3547 883 3601 Q
