2392 3840
111 127 137 181 X
515 122 720 177 PRAEFATIO

112 297 139 337 a
169 279 253 337 1892
286 278 317 334 et
353 275 517 335 orationem
549 274 660 334 iterum
692 277 722 332 et
753 274 874 333 tabulas
910 274 1128 352 phototypicaa

112 366 246 426 omnium
277 365 484 424 columnarum
516 366 548 423 et
578 363 824 440 fragmentorum.
871 361 930 421 Sed
961 382 1031 422 eum
1065 364 1125 423 sibi

112 453 261 514 diffideret
283 454 331 514 vir
353 453 503 531 egregins,
525 453 557 510 in
580 452 690 512 studiis
708 450 930 529 Aegyptiarum
948 452 1127 513 litterarum

111 544 204 604 adid
231 546 352 619 tempus
383 543 481 620 magis
503 541 641 603 versatus
672 560 764 618 quam
786 539 982 620 Graecarum,
1018 542 1126 602 ultimi

110 633 222 694 laboris
251 633 346 692 socios
376 632 435 691 sibi
464 650 530 690 esse
559 632 697 691 voluerat
724 633 757 688 et
785 647 834 687 me
863 633 895 688 et
916 629 1128 693 Hermannum

110 722 257 782 DIelsium
280 721 514 799 Berolinensem,
537 720 591 796 qui
613 719 735 796 quidem
757 720 854 777 multo
871 721 962 795 plura
984 722 1128 797 contuIIt,

110 811 253 886 pauciora
275 828 344 887 ego,
375 829 445 869 cum
466 813 605 886 putarem
628 809 743 868 seilicet
764 827 823 867 non
846 827 934 883 posse
958 810 1023 869 sine
1046 811 1125 871 Ima·

110 901 180 977 gine
203 900 325 958 chartae
353 899 469 958 sollerti
498 901 562 958 arte
592 916 733 974 expressa
760 897 905 974 pleraque
935 901 1017 958 recte
1049 902 1127 961 eatis

110 987 262 1047 constitui
303 986 431 1046 Doctam
466 991 625 1063 praeterea
661 991 691 1046 et
727 987 876 1064 insignem
911 988 1018 1048 statim
1055 993 1128 1064 post

110 1076 242 1152 priorem
264 1075 430 1135 Rerillouti
452 1076 615 1135 editionem
636 1075 708 1134 huie
731 1075 860 1135 orationi
884 1094 1008 1152 operam
1029 1097 1126 1140 nava-

110 1165 155 1224 vit
176 1165 268 1224 Henr.
288 1165 429 1241 Weilius3
455 1169 522 1223 tum
548 1164 645 1224 eidem
667 1165 869 1224 recensuimus
897 1165 949 1241 qui
972 1166 1125 1242 Philippi-

110 1254 208 1313 deam:
244 1253 464 1314 Herwerdenus
487 1253 614 1330 Kenyon
646 1273 709 1332 ego.
756 1253 833 1313 Sunt
863 1259 971 1329 postea
1002 1254 1128 1332 singula

112 1343 224 1419 scripta
245 1361 299 1402 suo
322 1343 387 1402 Ioco
410 1341 579 1420 indicanda3
601 1361 680 1402 nunc
704 1342 908 1418 dequattuor
929 1344 1124 1404 voluminum

109 1431 244 1507 ipsorum
265 1431 363 1492 forma
384 1431 558 1508 rationeque
581 1433 669 1505 omni,
694 1432 784 1491 simul
807 1436 906 1492 aetate
924 1433 1025 1492 indole
1050 1453 1122 1494 auc-

108 1521 233 1580 toritate
256 1540 347 1597 quam
369 1521 544 1583 brevissime
566 1524 672 1597 potero
694 1522 856 1582 absolvam.

28 1603 144 1694 ›efenpeo
248 1608 269 1687 ἕ
293 1613 321 1672 5.
349 1611 454 1687 Itaque
477 1612 619 1672 volumen
640 1609 716 1669 illud
739 1609 818 1686 quod
841 1611 879 1668 ab
902 1609 1039 1670 HarrIsio
1058 1612 1121 1671 Ar·

28 1667 145 1750 rouprnn
161 1699 308 1777 denioque
334 1700 491 1762 inventum
519 1703 579 1772 est,
605 1699 744 1775 quodque
767 1699 795 1757 A
813 1698 917 1759 littera
943 1699 1121 1778 designabo,

108 1788 243 1849 chartam
265 1790 398 1849 melione
421 1793 511 1849 notae
530 1789 622 1848 habet
640 1789 817 1863 omninoque
837 1807 906 1847 curn
928 1789 1030 1864 aliqua
1048 1807 1125 1850 cura

108 1898 203 1955 neque
225 1880 412 1954 ineleganter
435 1878 603 1937 confectum
631 1882 685 1936 eet.
730 1877 835 1954 Margo
862 1877 941 1936 infra
971 1897 1123 1954 supraque

109 1971 140 2027 et
162 1968 295 2042 spatium
317 1967 504 2026 commodum
522 1967 601 2024 inter
618 1966 704 2025 binas
724 1967 890 2043 columnas,
912 1985 1019 2027 versus
1038 1970 1122 2028 recte

109 2055 283 2130 decurrunt3
318 2055 475 2114 columnae
511 2072 586 2130 quas
623 2055 750 2114 dicimus
778 2086 820 2098 —
848 2056 975 2131 paginae
1009 2056 1125 2116 rectius

108 2147 254 2204 vocentur
277 2175 320 2184 -
343 2142 531 2221 longItudine
557 2145 638 2204 inter
665 2163 696 2204 se
725 2144 798 2203 satis
826 2144 1009 2220 aequabiles.
1054 2145 1120 2204 Nu-

108 2251 208 2292 merus
234 2251 376 2294 versuum
399 2234 431 2291 in
457 2232 584 2311 singuIIs
611 2233 758 2292 columnis
786 2233 830 2291 ita
857 2234 970 2310 variat,
1001 2237 1039 2293 ut
1070 2254 1123 2293 ue·

108 2341 165 2397 que
187 2322 256 2397 plus
279 2321 406 2399 triginta
424 2322 485 2381 sint
502 2341 599 2399 neque
617 2323 717 2381 minus
735 2322 844 2397 viginti
863 2326 994 2399 septem3
1012 2341 1120 2383 versus

108 2410 168 2486 ipsi
190 2410 308 2470 IItteras
327 2412 482 2471 continent
498 2430 646 2489 nusquam
664 2410 727 2469 fere
746 2411 816 2486 plus
834 2410 948 2488 XVIII,
971 2430 1123 2488 nusquam

108 2499 208 2558 minue
230 2500 313 2559 XIII.
350 2499 484 2560 Intterae
508 2519 610 2560 omnes
632 2519 728 2576 paene
752 2499 855 2559 eadem
874 2503 946 2560 sunt
968 2501 1086 2578 magnit
1108 2532 1122 2543 -

108 2587 186 2664 dine,
204 2589 263 2647 nisi
282 2589 362 2665 quod
381 2587 409 2651 Φ
429 2593 461 2649 et
478 2587 508 2650 Ψ
526 2593 556 2648 et
579 2607 699 2649 sursum
718 2591 750 2647 et
768 2589 908 2648 deorsum
930 2608 1037 2649 versus
1051 2609 1120 2666 pro-

108 2676 259 2736 ducuntur
284 2697 423 2739 necnon
447 2675 469 2738 Β
494 2678 685 2755 aliquantum
713 2679 870 2752 prominet.
915 2678 1033 2739 Ductus
1061 2697 1123 2738 non

107 2765 152 2824 ita
169 2766 306 2843 pingues,
325 2767 400 2827 satta
419 2768 585 2845 elegantes,
608 2767 728 2826 litterae
746 2768 876 2826 maiores
895 2786 987 2845 qnam
1004 2768 1037 2826 in
1054 2768 1119 2828 ullo

108 2854 166 2913 alio
185 2853 348 2931 Hyperidis
367 2856 454 2917 libro.
496 2852 518 2916 C
537 2858 568 2915 et
587 2852 608 2915 Ε
626 2855 786 2916 rotundam
804 2856 932 2917 formam
949 2855 1072 2934 habent,
1090 2860 1124 2916 et

107 2943 198 3002 huius
209 2943 308 3002 media
321 2944 432 3004 lineola
446 2962 580 3004 summae
595 2963 685 3022 quam
698 2945 827 3004 maxime
842 2945 963 3012 admota
981 2947 1122 3006 coniunc-

55 3076 59 3087 .
106 3034 212 3110 taque,
232 3029 264 3092 Μ
280 3052 398 3111 quoque
412 3034 637 3094 rotundioribus
652 3033 792 3093 ductibus
807 3037 977 3112 exaratum,
991 3030 1122 3112 porroQ

107 3120 213 3202 eadem
230 3122 328 3181 forma
346 3122 491 3198 bipertIta
509 3125 556 3181 est
574 3123 684 3199 quain
701 3127 806 3183 nostra
824 3123 973 3199 scriptura
990 3125 1122 3202 vulgari.

107 3208 208 3286 Atque
221 3210 296 3270 haec
315 3209 436 3288 quidem
449 3230 510 3270 non
527 3214 592 3270 tam
606 3211 696 3270 huius
710 3213 872 3273 voluminis
891 3213 1015 3288 propria
1029 3232 1120 3290 qnam

107 3297 240 3357 omnium
271 3300 441 3360 communia
473 3303 555 3375 sunt,
591 3301 695 3375 paucis
728 3300 945 3378 antiquissimIs
978 3302 1121 3378 exceptis·

106 3385 143 3446 In
160 3386 271 3447 litteris
291 3385 315 3449 Λ
335 3393 366 3449 et
384 3386 416 3449 Δ
433 3391 602 3466 postremus
627 3389 735 3450 ductus
754 3391 943 3467 aliquantum
961 3393 1121 3469 prominet,

103 3476 279 3553 pariterque
311 3478 343 3536 in
371 3476 410 3557 Α,
446 3479 498 3538 ubi
530 3479 623 3538 ceteri
655 3478 763 3540 ductus
794 3480 827 3538 in
858 3479 987 3539 formam
1019 3481 1122 3558 laquei
