2392 3840
115 113 159 177 94
425 114 625 169 ΥΠΕΡΕΙΔΟΥ
644 114 823 169 ΕΠΙΤΑΦΙΟ(
908 155 910 158 ⁴

117 259 226 326 δοξίαν
245 257 407 339 ἀγήρατον
432 259 607 339 εἰλήφαειν,
631 260 817 338 εὐδαίμονές
840 280 876 324 τε
900 259 1054 337 γεγόναει
1080 284 1137 326 κα-

115 350 155 413 τὰ
178 347 292 412 πάντα.
315 348 384 413 dcet
408 351 465 426 μὲν
489 350 549 427 γὰρ
574 349 681 414 αὐτῶν
705 348 838 413 ἄπαιδεε
860 353 1136 430 τετελευτήκαειν,

115 438 146 502 οἱ
169 439 256 517 παρὰ
278 442 344 503 τῶν
366 438 528 518 Ἑλλήνων
558 436 683 502 ἔπαινοι
707 443 819 502 παῖδε(
843 438 951 502 αὐτῶν
975 438 1137 504 ἀθάνατοι

115 526 249 592 ἔεονται.
273 526 341 591 deor
365 529 400 591 δὲ
425 532 541 591 παῖδας
564 527 838 606 καταλελοίπαειν,
861 527 881 606 ἡ
901 533 956 606 τήε
976 529 1144 606 πατρίδοε’

62 630 96 679 43
116 616 226 681 εὔνοια
244 617 419 695 ἐπίτροπο(
438 616 548 682 αὐτοῖς
566 619 633 680 τῶν
651 617 776 680 παίδων
795 619 1030 695 καταετήεεται.
1050 619 1136 695 πρὸ(

115 708 150 769 δὲ
174 707 308 785 τούτοιε,
332 706 360 769 εἰ
383 708 441 785 μέν
465 707 528 769 ἐετι
550 706 588 769 τὸ
612 704 789 771 ἀποθανεῖν
813 705 927 785 ὅμοιον
950 710 996 788 τῷ
1015 708 1059 784 μὴ
1080 728 1135 783 γε-

116 797 234 874 νέεθαι,
267 794 507 872 ἀπηλλαγμένοι
537 794 593 858 εἰεὶ
624 794 729 858 νόεων
760 795 811 858 καὶ
840 794 943 872 λύπη(
976 796 1028 857 καὶ
1064 800 1135 860 τῶν

114 882 223 948 ἀλλων
246 888 312 948 τῶν
336 882 603 961 προεπιπτόντων
627 883 672 947 εἰ(
689 884 748 947 τὸν
767 882 974 961 ἀνθρώπινον
994 883 1079 963 βίον·
1105 886 1135 949 εἰ

103 970 143 1036 ’δ’
167 973 249 1037 ἔετιν
273 971 410 1050 αἴεθηειε
433 973 468 1036 ἐν
491 972 602 1037 Ἅιδου
623 973 674 1036 καὶ
693 974 857 1050 ἐπιμέλεια
877 972 964 1050 παρὰ
982 977 1043 1036 τοῦ
1064 977 1134 1037 δαι-

115 1062 240 1140 μονίου,
271 1060 378 1139 ὥςπερ
401 1060 684 1141 ὑπολαμβάνομεν,
716 1061 799 1125 εἰκόε
827 1062 902 1126 τοὺ(
930 1066 1000 1125 ταῑε
1024 1068 1133 1139 τιμαῖε

24 1220 31 1234 ‚
113 1155 180 1215 τῶν
203 1154 287 1215 θεῶν
310 1152 559 1229 καταλυομέναιε
585 1153 799 1230 βοηθήεανταε
823 1148 970 1228 πλείετηε
993 1155 1131 1231 κηδεμο-

114 1239 183 1302 νίαε
206 1238 270 1302 ὑπὸ
293 1243 351 1302 τοῦ
375 1238 541 1316 δαιμονίου
565 1238 756 1322 τυγχάνειν]
784 1277 821 1286 -
849 1277 890 1284 -
917 1274 955 1283 -

112 1431 172 1497 tur;
192 1431 223 1483 at
241 1430 301 1483 cod.
318 1429 336 1484 S
355 1433 399 1485 πλ.
415 1430 598 1497 εὐδαιμονίας,
616 1430 690 1485 unde
704 1429 888 1485 Ruhnkenius
903 1431 953 1502 (S.‚
968 1431 1029 1500 Cb.)
1050 1437 1132 1501 κηδε-

113 1503 209 1566 μονία(
232 1501 333 1558 effecit.
370 1500 411 1558 cf.
430 1500 551 1557 Hierocl.
572 1518 615 1570 ap.
635 1501 716 1557 Phot.
736 1501 805 1555 bibl.
824 1520 851 1571 p.
870 1508 934 1572 463,
949 1509 981 1558 13
1001 1502 1129 1574 (Hense).

111 1571 275 1627 Bakhuizen
297 1590 353 1627 van
376 1573 430 1626 den
449 1572 536 1627 Brinlx
559 1573 602 1626 ita
619 1572 702 1641 legit:
726 1575 875 1642 ὑπεῖναι,
898 1576 965 1629 τοὺ(
989 1605 1023 1615 ·-
1048 1579 1130 1644 βοηθ.

112 1645 254 1712 κολλίετηε
272 1645 345 1700 εἰκάε
363 1645 461 1712 μοίραε
479 1646 533 1699 ἀπὸ
552 1663 577 1699 τ.
593 1647 617 1698 δ.
632 1661 710 1711 τυγχ.
725 1675 759 1685 -
774 1645 930 1716 δαιμονίου]
946 1646 1081 1712 δαίμονα(
1095 1648 1128 1702 Α.

182 1715 332 1770 Praeterea
350 1716 377 1772 S.
396 1716 433 1770 ad
455 1715 529 1770 hanc
552 1714 708 1770 orationem
732 1715 787 1769 dno
806 1716 858 1786 frg.
879 1716 978 1784 refert,
1006 1717 1131 1772 alterum

113 1790 225 1841 exstans
240 1805 285 1856 ap.
300 1787 405 1841 Pollue.
421 1787 512 1853 ss,14=
534 1789 573 1841 Ὑ.
589 1788 619 1841 δὲ
633 1788 684 1841 τὸν
698 1788 841 1856 ἀγήρατον
855 1789 966 1856 χρόνον,
982 1789 1131 1857 (οφοκλῆε

113 1860 142 1912 δὲ
165 1861 217 1913 τὸν
240 1860 337 1926 ἀγήρω
363 1862 409 1927 (se.
431 1859 562 1928 εἴρηκεν),
587 1859 616 1912 et
633 1858 687 1912 hoc
705 1858 819 1926 quidem
839 1858 907 1913 satis
930 1859 1130 1928 probabiliter.

112 1928 240 1984 Alterum
263 1928 293 1981 in
315 1929 453 1998 excerptis
477 1946 491 1982 e
514 1929 642 1997 Dexippo
666 1933 703 1998 (p.
725 1935 759 1983 32
783 1929 826 1984 ed.
849 1929 987 1999 Niebuhr)
1011 1947 1026 1984 e
1046 1931 1129 1985 Vati-

113 2015 200 2053 canae
224 1998 413 2054 bibliothecae
437 2000 548 2055 schedis
567 2001 701 2054 extractis
722 2000 840 2069 legitur3
864 2000 965 2055 sedat
983 2000 1129 2072 Babingto

112 2069 317 2124 demonstravit
340 2068 484 2137 (Classical
504 2070 617 2140 journal
637 2073 692 2126 vol,
708 2071 721 2123 Ι
739 2091 766 2141 ρ.
781 2074 857 2142 408),
880 2071 953 2126 nihil
976 2072 1014 2126 ad
1036 2075 1129 2142 epita·

111 2140 210 2210 phium
232 2139 367 2210 pertinet,
393 2140 441 2195 sed
464 2142 571 2211 pariter
594 2158 627 2196 ae
650 2159 699 2197 sex
723 2143 781 2196 alia
803 2141 856 2212 frg.
875 2160 932 2198 una
954 2143 1073 2199 inventa
1092 2146 1129 2198 ad

112 2211 269 2266 orationem
287 2213 426 2280 quandam
445 2215 505 2267 κατ’
520 2215 711 2282 Ἀντιπάτρου.
740 2213 875 2268 Concedit
893 2214 955 2284 ipse
971 2213 997 2271 S.
1014 2215 1129 2284 (Philol.

112 2283 209 2353 Suppl.
229 2283 241 2336 I
258 2302 287 2353 p.
302 2286 410 2352 disq),
434 2283 540 2339 addens
558 2285 679 2355 Dexippi
697 2285 785 2356 ipsius
804 2286 965 2354 fragmenta
984 2302 1059 2353 esse,
1079 2289 1130 2356 qni

111 2353 211 2409 feeerit
225 2354 395 2425 Hyperidem
409 2355 582 2424 suadentem,
601 2356 771 2412 Phocionem
785 2356 996 2412 dissuadentem
1010 2357 1129 2413 bellum.
