<?xml version="1.0" encoding="UTF-8"?>
<!DOCTYPE html PUBLIC "-//W3C//DTD XHTML 1.0 Transitional//EN"
    "http://www.w3.org/TR/xhtml1/DTD/xhtml1-transitional.dtd">
<html xmlns="http://www.w3.org/1999/xhtml" xml:lang="en" lang="en">
 <head>
  <title>
</title>
<meta http-equiv="Content-Type" content="text/html;charset=utf-8" />
  <meta name='ocr-system' content='tesseract 3.04.00' />
  <meta name='ocr-capabilities' content='ocr_page ocr_carea ocr_par ocr_line ocrx_word'/>
</head>
<body>
  <div class='ocr_page' id='page_1' title='image "./orationessexcum00hypegoog_0025.png"; bbox 0 0 2392 3840; ppageno 0'>
   <div class='ocr_carea' id='block_1_1' title="bbox 100 113 707 170">
    <p class='ocr_par' dir='ltr' id='par_1_1' title="bbox 100 113 707 170">
     <span class='ocr_line' id='line_1_1' title="bbox 100 113 707 170; baseline -0.002 0"><span class='ocrx_word' id='word_1_1' title='bbox 100 116 151 170; x_wconf 86' lang='lat' dir='ltr'>XX</span> <span class='ocrx_word' id='word_1_2' title='bbox 501 113 707 169; x_wconf 81' lang='lat' dir='ltr'>PRAEFATIO</span> 
     </span>
    </p>
   </div>
   <div class='ocr_carea' id='block_1_2' title="bbox 10 263 1164 3464">
    <p class='ocr_par' dir='ltr' id='par_1_2' title="bbox 10 263 1164 3464">
     <span class='ocr_line' id='line_1_2' title="bbox 10 263 1114 343; baseline 0 -16"><span class='ocrx_word' id='word_1_3' title='bbox 10 278 139 342; x_wconf 66' lang='lat' dir='ltr'>neseepero</span> <span class='ocrx_word' id='word_1_4' title='bbox 243 263 332 342; x_wconf 65' lang='lat'><strong>513.</strong></span> <span class='ocrx_word' id='word_1_5' title='bbox 360 267 544 326; x_wconf 82' lang='lat' dir='ltr'><strong>Accedamus</strong></span> <span class='ocrx_word' id='word_1_6' title='bbox 567 266 628 324; x_wconf 89' lang='lat' dir='ltr'>iam</span> <span class='ocrx_word' id='word_1_7' title='bbox 651 265 688 324; x_wconf 89' lang='lat' dir='ltr'>ad</span> <span class='ocrx_word' id='word_1_8' title='bbox 711 267 836 325; x_wconf 90' lang='lat' dir='ltr'>tertium</span> <span class='ocrx_word' id='word_1_9' title='bbox 859 268 1008 342; x_wconf 87' lang='lat' dir='ltr'>volumen,</span> <span class='ocrx_word' id='word_1_10' title='bbox 1032 269 1114 343; x_wconf 90' lang='lat' dir='ltr'>quod</span> 
     </span>
     <span class='ocr_line' id='line_1_3' title="bbox 12 335 1115 430; baseline 0 -16"><span class='ocrx_word' id='word_1_11' title='bbox 12 335 223 428; x_wconf 64' lang='lat' dir='ltr'>v⁰11{{²1¹‚¹¹¹²³oum</span> <span class='ocrx_word' id='word_1_12' title='bbox 259 355 423 415; x_wconf 87' lang='lat' dir='ltr'>inventoris</span> <span class='ocrx_word' id='word_1_13' title='bbox 455 374 563 415; x_wconf 89' lang='lat' dir='ltr'>nomen</span> <span class='ocrx_word' id='word_1_14' title='bbox 596 373 654 413; x_wconf 91' lang='lat' dir='ltr'>non</span> <span class='ocrx_word' id='word_1_15' title='bbox 686 358 805 430; x_wconf 90' lang='lat' dir='ltr'>praesto</span> <span class='ocrx_word' id='word_1_16' title='bbox 840 356 880 415; x_wconf 89' lang='lat' dir='ltr'>sit</span> <span class='ocrx_word' id='word_1_17' title='bbox 910 358 959 415; x_wconf 85' lang='lat' dir='ltr'>vel</span> <span class='ocrx_word' id='word_1_18' title='bbox 991 349 1032 414; x_wconf 86' lang='lat' dir='ltr'>A¹</span> <span class='ocrx_word' id='word_1_19' title='bbox 1064 358 1115 416; x_wconf 84' lang='lat' dir='ltr'>vel</span> 
     </span>
     <span class='ocr_line' id='line_1_4' title="bbox 155 443 1114 521; baseline 0 -17"><span class='ocrx_word' id='word_1_20' title='bbox 155 443 352 504; x_wconf 88' lang='lat' dir='ltr'>Londiniense</span> <span class='ocrx_word' id='word_1_21' title='bbox 371 443 553 504; x_wconf 89' lang='lat' dir='ltr'>vocabimus.</span> <span class='ocrx_word' id='word_1_22' title='bbox 590 443 728 504; x_wconf 86' lang='lat' dir='ltr'>Vidimus</span> <span class='ocrx_word' id='word_1_23' title='bbox 751 445 882 521; x_wconf 81' lang='lat' dir='ltr'>priorem</span> <span class='ocrx_word' id='word_1_24' title='bbox 905 447 1026 504; x_wconf 89' lang='lat' dir='ltr'>tantum</span> <span class='ocrx_word' id='word_1_25' title='bbox 1051 446 1114 505; x_wconf 90' lang='lat' dir='ltr'>eius</span> 
     </span>
     <span class='ocr_line' id='line_1_5' title="bbox 102 531 1115 612; baseline 0.002 -20"><span class='ocrx_word' id='word_1_26' title='bbox 102 531 219 610; x_wconf 87' lang='lat' dir='ltr'>partem</span> <span class='ocrx_word' id='word_1_27' title='bbox 237 533 276 592; x_wconf 90' lang='lat' dir='ltr'>ad</span> <span class='ocrx_word' id='word_1_28' title='bbox 293 532 478 610; x_wconf 82' lang='lat' dir='ltr'>Hyperidem</span> <span class='ocrx_word' id='word_1_29' title='bbox 496 533 656 612; x_wconf 81' lang='lat' dir='ltr'>pertinere,</span> <span class='ocrx_word' id='word_1_30' title='bbox 679 533 805 593; x_wconf 87' lang='lat' dir='ltr'>alteram</span> <span class='ocrx_word' id='word_1_31' title='bbox 829 538 928 593; x_wconf 89' lang='lat' dir='ltr'>autem</span> <span class='ocrx_word' id='word_1_32' title='bbox 948 534 986 592; x_wconf 90' lang='lat' dir='ltr'>ad</span> <span class='ocrx_word' id='word_1_33' title='bbox 1005 535 1115 594; x_wconf 92' lang='lat' dir='ltr'>Demo·</span> 
     </span>
     <span class='ocr_line' id='line_1_6' title="bbox 103 622 1117 701; baseline 0 -19"><span class='ocrx_word' id='word_1_34' title='bbox 103 624 251 697; x_wconf 87' lang='lat' dir='ltr'>sthenem,</span> <span class='ocrx_word' id='word_1_35' title='bbox 279 641 375 699; x_wconf 91' lang='lat' dir='ltr'>neque</span> <span class='ocrx_word' id='word_1_36' title='bbox 402 622 523 699; x_wconf 74' lang='lat' dir='ltr'><strong>scripsit</strong></span> <span class='ocrx_word' id='word_1_37' title='bbox 545 624 703 698; x_wconf 89' lang='lat' dir='ltr'>utramque</span> <span class='ocrx_word' id='word_1_38' title='bbox 727 623 832 682; x_wconf 89' lang='lat' dir='ltr'>eadem</span> <span class='ocrx_word' id='word_1_39' title='bbox 860 642 979 701; x_wconf 89' lang='lat' dir='ltr'>manus,</span> <span class='ocrx_word' id='word_1_40' title='bbox 1009 643 1117 700; x_wconf 91' lang='lat' dir='ltr'>quam-</span> 
     </span>
     <span class='ocr_line' id='line_1_7' title="bbox 103 710 1117 789; baseline 0.001 -19"><span class='ocrx_word' id='word_1_41' title='bbox 103 731 193 789; x_wconf 88' lang='lat' dir='ltr'>quam</span> <span class='ocrx_word' id='word_1_42' title='bbox 226 710 389 771; x_wconf 79' lang='lat' dir='ltr'>correxisse</span> <span class='ocrx_word' id='word_1_43' title='bbox 421 712 542 771; x_wconf 81' lang='lat' dir='ltr'>videtur</span> <span class='ocrx_word' id='word_1_44' title='bbox 573 712 703 787; x_wconf 87' lang='lat' dir='ltr'>priorem</span> <span class='ocrx_word' id='word_1_45' title='bbox 740 711 844 770; x_wconf 87' lang='lat' dir='ltr'>eadem</span> <span class='ocrx_word' id='word_1_46' title='bbox 881 731 956 787; x_wconf 90' lang='lat' dir='ltr'>quae</span> <span class='ocrx_word' id='word_1_47' title='bbox 994 714 1117 789; x_wconf 78' lang='lat' dir='ltr'>scripsit</span> 
     </span>
     <span class='ocr_line' id='line_1_8' title="bbox 103 800 1118 877; baseline -0.001 -17"><span class='ocrx_word' id='word_1_48' title='bbox 103 802 239 860; x_wconf 90' lang='lat' dir='ltr'>alteram.</span> <span class='ocrx_word' id='word_1_49' title='bbox 285 800 423 859; x_wconf 89' lang='lat' dir='ltr'>Vacuum</span> <span class='ocrx_word' id='word_1_50' title='bbox 450 801 582 877; x_wconf 88' lang='lat' dir='ltr'>spatium</span> <span class='ocrx_word' id='word_1_51' title='bbox 609 801 756 875; x_wconf 90' lang='lat' dir='ltr'>amplum,</span> <span class='ocrx_word' id='word_1_52' title='bbox 785 801 816 858; x_wconf 92' lang='lat' dir='ltr'>in</span> <span class='ocrx_word' id='word_1_53' title='bbox 846 800 1039 860; x_wconf 90' lang='lat' dir='ltr'>latitudinem</span> <span class='ocrx_word' id='word_1_54' title='bbox 1067 803 1118 862; x_wconf 85' lang='lat' dir='ltr'>vel</span> 
     </span>
     <span class='ocr_line' id='line_1_9' title="bbox 101 889 1118 968; baseline 0.002 -20"><span class='ocrx_word' id='word_1_55' title='bbox 101 889 187 965; x_wconf 88' lang='lat' dir='ltr'>pedis</span> <span class='ocrx_word' id='word_1_56' title='bbox 215 889 315 962; x_wconf 79' lang='lat' dir='ltr'>unius,</span> <span class='ocrx_word' id='word_1_57' title='bbox 343 889 424 950; x_wconf 92' lang='lat' dir='ltr'>inter</span> <span class='ocrx_word' id='word_1_58' title='bbox 452 890 511 950; x_wconf 92' lang='lat' dir='ltr'>duo</span> <span class='ocrx_word' id='word_1_59' title='bbox 540 889 652 965; x_wconf 90' lang='lat' dir='ltr'>scripta</span> <span class='ocrx_word' id='word_1_60' title='bbox 680 890 818 948; x_wconf 90' lang='lat' dir='ltr'>relictum</span> <span class='ocrx_word' id='word_1_61' title='bbox 846 893 905 965; x_wconf 77' lang='lat' dir='ltr'>est3</span> <span class='ocrx_word' id='word_1_62' title='bbox 937 889 990 949; x_wconf 91' lang='lat' dir='ltr'>sed</span> <span class='ocrx_word' id='word_1_63' title='bbox 1017 910 1118 968; x_wconf 89' lang='lat' dir='ltr'>neque</span> 
     </span>
     <span class='ocr_line' id='line_1_10' title="bbox 103 978 1118 1056; baseline 0.003 -19"><span class='ocrx_word' id='word_1_64' title='bbox 103 978 285 1054; x_wconf 76' lang='lat' dir='ltr'>subscriptio</span> <span class='ocrx_word' id='word_1_65' title='bbox 316 982 459 1038; x_wconf 89' lang='lat' dir='ltr'>consueta</span> <span class='ocrx_word' id='word_1_66' title='bbox 492 978 678 1055; x_wconf 86' lang='lat' dir='ltr'>Hyperideae</span> <span class='ocrx_word' id='word_1_67' title='bbox 709 979 837 1038; x_wconf 88' lang='lat' dir='ltr'>orationi</span> <span class='ocrx_word' id='word_1_68' title='bbox 868 979 986 1037; x_wconf 89' lang='lat' dir='ltr'>adiecta</span> <span class='ocrx_word' id='word_1_69' title='bbox 1018 999 1118 1056; x_wconf 89' lang='lat' dir='ltr'>neque</span> 
     </span>
     <span class='ocr_line' id='line_1_11' title="bbox 103 1067 1117 1146; baseline 0.002 -21"><span class='ocrx_word' id='word_1_70' title='bbox 103 1067 261 1144; x_wconf 78' lang='lat' dir='ltr'>inscriptio</span> <span class='ocrx_word' id='word_1_71' title='bbox 285 1068 432 1143; x_wconf 83' lang='lat' dir='ltr'>epistulae</span> <span class='ocrx_word' id='word_1_72' title='bbox 455 1067 712 1126; x_wconf 87' lang='lat' dir='ltr'>Demosthenicae.</span> <span class='ocrx_word' id='word_1_73' title='bbox 748 1068 829 1126; x_wconf 88' lang='lat' dir='ltr'>Num</span> <span class='ocrx_word' id='word_1_74' title='bbox 853 1067 949 1144; x_wconf 83' lang='lat' dir='ltr'>igitur</span> <span class='ocrx_word' id='word_1_75' title='bbox 971 1068 1020 1128; x_wconf 92' lang='lat' dir='ltr'>hic</span> <span class='ocrx_word' id='word_1_76' title='bbox 1043 1088 1117 1146; x_wconf 91' lang='lat' dir='ltr'>quo·</span> 
     </span>
     <span class='ocr_line' id='line_1_12' title="bbox 105 1156 1119 1233; baseline 0.002 -18"><span class='ocrx_word' id='word_1_77' title='bbox 105 1175 162 1233; x_wconf 90' lang='lat' dir='ltr'>que</span> <span class='ocrx_word' id='word_1_78' title='bbox 190 1157 268 1215; x_wconf 90' lang='lat' dir='ltr'>liber</span> <span class='ocrx_word' id='word_1_79' title='bbox 295 1156 327 1215; x_wconf 92' lang='lat' dir='ltr'>in</span> <span class='ocrx_word' id='word_1_80' title='bbox 354 1176 443 1216; x_wconf 90' lang='lat' dir='ltr'>usum</span> <span class='ocrx_word' id='word_1_81' title='bbox 470 1156 623 1233; x_wconf 88' lang='lat' dir='ltr'>privatum</span> <span class='ocrx_word' id='word_1_82' title='bbox 651 1157 781 1233; x_wconf 89' lang='lat' dir='ltr'>scriptus</span> <span class='ocrx_word' id='word_1_83' title='bbox 809 1156 874 1216; x_wconf 78' lang='lat' dir='ltr'>est‘?</span> <span class='ocrx_word' id='word_1_84' title='bbox 919 1156 999 1215; x_wconf 89' lang='lat' dir='ltr'>Nam</span> <span class='ocrx_word' id='word_1_85' title='bbox 1025 1159 1119 1217; x_wconf 89' lang='lat' dir='ltr'>etiam</span> 
     </span>
     <span class='ocr_line' id='line_1_13' title="bbox 104 1244 1118 1321; baseline 0.003 -17"><span class='ocrx_word' id='word_1_86' title='bbox 104 1244 185 1321; x_wconf 90' lang='lat' dir='ltr'>quod</span> <span class='ocrx_word' id='word_1_87' title='bbox 216 1245 427 1305; x_wconf 79' lang='lat' dir='ltr'>miscellaneae</span> <span class='ocrx_word' id='word_1_88' title='bbox 456 1249 501 1304; x_wconf 86' lang='lat' dir='ltr'>est</span> <span class='ocrx_word' id='word_1_89' title='bbox 528 1264 624 1321; x_wconf 89' lang='lat' dir='ltr'>neque</span> <span class='ocrx_word' id='word_1_90' title='bbox 652 1246 742 1304; x_wconf 88' lang='lat' dir='ltr'>unius</span> <span class='ocrx_word' id='word_1_91' title='bbox 775 1245 920 1320; x_wconf 86' lang='lat' dir='ltr'>auctoris,</span> <span class='ocrx_word' id='word_1_92' title='bbox 953 1247 995 1304; x_wconf 89' lang='lat' dir='ltr'>sic</span> <span class='ocrx_word' id='word_1_93' title='bbox 1028 1247 1118 1308; x_wconf 89' lang='lat' dir='ltr'>facile</span> 
     </span>
     <span class='ocr_line' id='line_1_14' title="bbox 105 1333 1119 1414; baseline 0.003 -22"><span class='ocrx_word' id='word_1_94' title='bbox 105 1335 247 1410; x_wconf 86' lang='lat' dir='ltr'>explicari</span> <span class='ocrx_word' id='word_1_95' title='bbox 265 1335 394 1396; x_wconf 87' lang='lat' dir='ltr'>videtur.</span> <span class='ocrx_word' id='word_1_96' title='bbox 429 1333 473 1393; x_wconf 91' lang='lat' dir='ltr'>At</span> <span class='ocrx_word' id='word_1_97' title='bbox 492 1338 592 1394; x_wconf 88' lang='lat' dir='ltr'>cetera</span> <span class='ocrx_word' id='word_1_98' title='bbox 615 1335 714 1394; x_wconf 89' lang='lat' dir='ltr'>omnia</span> <span class='ocrx_word' id='word_1_99' title='bbox 737 1354 807 1394; x_wconf 90' lang='lat' dir='ltr'>eum</span> <span class='ocrx_word' id='word_1_100' title='bbox 830 1353 919 1411; x_wconf 90' lang='lat' dir='ltr'>quam</span> <span class='ocrx_word' id='word_1_101' title='bbox 941 1336 1119 1414; x_wconf 87' lang='lat' dir='ltr'>longissime</span> 
     </span>
     <span class='ocr_line' id='line_1_15' title="bbox 105 1423 1119 1500; baseline 0.003 -18"><span class='ocrx_word' id='word_1_102' title='bbox 105 1424 142 1482; x_wconf 90' lang='lat' dir='ltr'>ab</span> <span class='ocrx_word' id='word_1_103' title='bbox 162 1424 217 1483; x_wconf 92' lang='lat' dir='ltr'>hoc</span> <span class='ocrx_word' id='word_1_104' title='bbox 235 1442 343 1500; x_wconf 86' lang='lat' dir='ltr'>genere</span> <span class='ocrx_word' id='word_1_105' title='bbox 362 1427 516 1500; x_wconf 83' lang='lat' dir='ltr'>separant3</span> <span class='ocrx_word' id='word_1_106' title='bbox 539 1424 588 1483; x_wconf 82' lang='lat' dir='ltr'>vel</span> <span class='ocrx_word' id='word_1_107' title='bbox 607 1424 687 1483; x_wconf 90' lang='lat' dir='ltr'>enirn</span> <span class='ocrx_word' id='word_1_108' title='bbox 711 1424 838 1483; x_wconf 82' lang='lat' dir='ltr'>similem</span> <span class='ocrx_word' id='word_1_109' title='bbox 861 1423 1029 1498; x_wconf 88' lang='lat' dir='ltr'>reperimus</span> <span class='ocrx_word' id='word_1_110' title='bbox 1053 1444 1119 1485; x_wconf 88' lang='lat' dir='ltr'>esse</span> 
     </span>
     <span class='ocr_line' id='line_1_16' title="bbox 104 1511 1119 1590; baseline 0.002 -19"><span class='ocrx_word' id='word_1_111' title='bbox 104 1511 270 1572; x_wconf 87' lang='lat' dir='ltr'>Ardeniani</span> <span class='ocrx_word' id='word_1_112' title='bbox 297 1513 368 1572; x_wconf 89' lang='lat' dir='ltr'>libri</span> <span class='ocrx_word' id='word_1_113' title='bbox 394 1514 443 1575; x_wconf 81' lang='lat' dir='ltr'>vel</span> <span class='ocrx_word' id='word_1_114' title='bbox 471 1513 564 1572; x_wconf 89' lang='lat' dir='ltr'>etiam</span> <span class='ocrx_word' id='word_1_115' title='bbox 590 1514 642 1573; x_wconf 93' lang='lat' dir='ltr'>illo</span> <span class='ocrx_word' id='word_1_116' title='bbox 672 1513 864 1590; x_wconf 89' lang='lat' dir='ltr'>superiorem.</span> <span class='ocrx_word' id='word_1_117' title='bbox 911 1512 988 1572; x_wconf 84' lang='lat' dir='ltr'>Sunt</span> <span class='ocrx_word' id='word_1_118' title='bbox 1015 1517 1119 1573; x_wconf 88' lang='lat' dir='ltr'>autem</span> 
     </span>
     <span class='ocr_line' id='line_1_17' title="bbox 105 1594 1118 1676; baseline 0.002 -15"><span class='ocrx_word' id='word_1_119' title='bbox 105 1602 197 1661; x_wconf 89' lang='lat' dir='ltr'>etiam</span> <span class='ocrx_word' id='word_1_120' title='bbox 220 1603 298 1662; x_wconf 89' lang='lat' dir='ltr'>inter</span> <span class='ocrx_word' id='word_1_121' title='bbox 320 1603 509 1662; x_wconf 79' lang='lat' dir='ltr'>membranas</span> <span class='ocrx_word' id='word_1_122' title='bbox 531 1594 651 1662; x_wconf 86' lang='lat' dir='ltr'>nostras</span> <span class='ocrx_word' id='word_1_123' title='bbox 672 1602 856 1662; x_wconf 89' lang='lat' dir='ltr'>miscellanei</span> <span class='ocrx_word' id='word_1_124' title='bbox 879 1601 995 1662; x_wconf 87' lang='lat' dir='ltr'>codices</span> <span class='ocrx_word' id='word_1_125' title='bbox 1018 1605 1118 1676; x_wconf 80' lang='grc'><strong>1111111,</strong></span> 
     </span>
     <span class='ocr_line' id='line_1_18' title="bbox 105 1687 1119 1768; baseline 0.002 -19"><span class='ocrx_word' id='word_1_126' title='bbox 105 1693 136 1749; x_wconf 91' lang='grc'>11</span> <span class='ocrx_word' id='word_1_127' title='bbox 154 1692 185 1750; x_wconf 91' lang='grc'>11</span> <span class='ocrx_word' id='word_1_128' title='bbox 203 1691 269 1767; x_wconf 91' lang='lat' dir='ltr'>ipsa</span> <span class='ocrx_word' id='word_1_129' title='bbox 287 1692 471 1751; x_wconf 83' lang='lat' dir='ltr'>Alexandria</span> <span class='ocrx_word' id='word_1_130' title='bbox 489 1691 651 1752; x_wconf 87' lang='lat' dir='ltr'>traduntur</span> <span class='ocrx_word' id='word_1_131' title='bbox 669 1692 761 1751; x_wconf 90' lang='lat' dir='ltr'>fuisse</span> <span class='ocrx_word' id='word_1_132' title='bbox 780 1693 877 1749; x_wconf 89' lang='lat' dir='ltr'>multa</span> <span class='ocrx_word' id='word_1_133' title='bbox 896 1691 980 1750; x_wconf 89' lang='lat' dir='ltr'>milia</span> <span class='ocrx_word' id='word_1_134' title='bbox 1001 1687 1119 1768; x_wconf 83' lang='grc' dir='ltr'>βίβλων</span> 
     </span>
     <span class='ocr_line' id='line_1_19' title="bbox 106 1779 1120 1860; baseline 0.002 -21"><span class='ocrx_word' id='word_1_135' title='bbox 106 1779 275 1860; x_wconf 79' lang='grc' dir='ltr'>(υμμιγῶν,</span> <span class='ocrx_word' id='word_1_136' title='bbox 302 1800 482 1858; x_wconf 85' lang='lat' dir='ltr'>quamquam</span> <span class='ocrx_word' id='word_1_137' title='bbox 510 1782 566 1840; x_wconf 90' lang='lat' dir='ltr'>hoe</span> <span class='ocrx_word' id='word_1_138' title='bbox 593 1781 705 1856; x_wconf 88' lang='lat' dir='ltr'>ipsum,</span> <span class='ocrx_word' id='word_1_139' title='bbox 732 1781 812 1856; x_wconf 90' lang='lat' dir='ltr'>quod</span> <span class='ocrx_word' id='word_1_140' title='bbox 840 1799 945 1839; x_wconf 91' lang='lat' dir='ltr'>eorum</span> <span class='ocrx_word' id='word_1_141' title='bbox 971 1780 1120 1842; x_wconf 88' lang='lat' dir='ltr'>librorum</span> 
     </span>
     <span class='ocr_line' id='line_1_20' title="bbox 104 1864 1120 1946; baseline 0.002 -18"><span class='ocrx_word' id='word_1_142' title='bbox 104 1888 223 1929; x_wconf 89' lang='lat' dir='ltr'>summa</span> <span class='ocrx_word' id='word_1_143' title='bbox 250 1869 418 1945; x_wconf 88' lang='lat' dir='ltr'>quadruplo</span> <span class='ocrx_word' id='word_1_144' title='bbox 447 1869 542 1929; x_wconf 90' lang='lat' dir='ltr'>maior</span> <span class='ocrx_word' id='word_1_145' title='bbox 568 1868 700 1927; x_wconf 84' lang='lat' dir='ltr'>traditur</span> <span class='ocrx_word' id='word_1_146' title='bbox 726 1889 816 1946; x_wconf 88' lang='lat' dir='ltr'>quam</span> <span class='ocrx_word' id='word_1_147' title='bbox 838 1864 953 1929; x_wconf 85' lang='grc' dir='ltr'>ἁπλῶν</span> <span class='ocrx_word' id='word_1_148' title='bbox 976 1867 1029 1929; x_wconf 86' lang='grc' dir='ltr'>καὶ</span> <span class='ocrx_word' id='word_1_149' title='bbox 1051 1865 1120 1946; x_wconf 86' lang='grc' dir='ltr'>ἀμι-</span> 
     </span>
     <span class='ocr_line' id='line_1_21' title="bbox 104 1957 1119 2035; baseline 0.004 -20"><span class='ocrx_word' id='word_1_150' title='bbox 104 1957 182 2030; x_wconf 82' lang='grc' dir='ltr'>γῶν,</span> <span class='ocrx_word' id='word_1_151' title='bbox 209 1959 345 2034; x_wconf 87' lang='lat' dir='ltr'>profecto</span> <span class='ocrx_word' id='word_1_152' title='bbox 375 1958 482 2017; x_wconf 86' lang='lat' dir='ltr'>suadet</span> <span class='ocrx_word' id='word_1_153' title='bbox 504 1961 540 2017; x_wconf 88' lang='lat' dir='ltr'>ut</span> <span class='ocrx_word' id='word_1_154' title='bbox 562 1957 654 2016; x_wconf 90' lang='grc'><strong>111111</strong></span> <span class='ocrx_word' id='word_1_155' title='bbox 675 1958 829 2017; x_wconf 90' lang='lat' dir='ltr'>notionem</span> <span class='ocrx_word' id='word_1_156' title='bbox 853 1959 908 2017; x_wconf 92' lang='lat' dir='ltr'>sub</span> <span class='ocrx_word' id='word_1_157' title='bbox 931 1959 989 2018; x_wconf 91' lang='lat' dir='ltr'>hoc</span> <span class='ocrx_word' id='word_1_158' title='bbox 1013 1975 1119 2035; x_wconf 78' lang='grc' dir='ltr'>(υμμι-</span> 
     </span>
     <span class='ocr_line' id='line_1_22' title="bbox 104 2044 1119 2125; baseline 0.006 -22"><span class='ocrx_word' id='word_1_159' title='bbox 104 2044 173 2116; x_wconf 82' lang='grc' dir='ltr'>γῶν</span> <span class='ocrx_word' id='word_1_160' title='bbox 192 2047 392 2122; x_wconf 86' lang='lat' dir='ltr'>appellatione</span> <span class='ocrx_word' id='word_1_161' title='bbox 411 2047 507 2106; x_wconf 89' lang='lat' dir='ltr'>latere</span> <span class='ocrx_word' id='word_1_162' title='bbox 528 2047 720 2122; x_wconf 90' lang='lat' dir='ltr'>suspicemur.</span> <span class='ocrx_word' id='word_1_163' title='bbox 757 2047 821 2106; x_wconf 88' lang='lat' dir='ltr'>Hoc</span> <span class='ocrx_word' id='word_1_164' title='bbox 845 2048 940 2125; x_wconf 84' lang='lat' dir='ltr'>igitur</span> <span class='ocrx_word' id='word_1_165' title='bbox 962 2048 1119 2109; x_wconf 88' lang='lat' dir='ltr'>mittamus</span> 
     </span>
     <span class='ocr_line' id='line_1_23' title="bbox 105 2126 1120 2218; baseline 0.006 -26"><span class='ocrx_word' id='word_1_166' title='bbox 105 2126 217 2216; x_wconf 88' lang='lat' dir='ltr'>(neque</span> <span class='ocrx_word' id='word_1_167' title='bbox 241 2135 319 2194; x_wconf 90' lang='lat' dir='ltr'>enim</span> <span class='ocrx_word' id='word_1_168' title='bbox 343 2135 512 2212; x_wconf 91' lang='lat' dir='ltr'>quaerendo</span> <span class='ocrx_word' id='word_1_169' title='bbox 536 2136 694 2212; x_wconf 90' lang='lat' dir='ltr'>quicquam</span> <span class='ocrx_word' id='word_1_170' title='bbox 717 2130 935 2218; x_wconf 83' lang='lat' dir='ltr'>proficiemus);</span> <span class='ocrx_word' id='word_1_171' title='bbox 963 2136 1120 2198; x_wconf 81' lang='lat' dir='ltr'>videamus</span> 
     </span>
     <span class='ocr_line' id='line_1_24' title="bbox 105 2222 1120 2303; baseline 0.004 -21"><span class='ocrx_word' id='word_1_172' title='bbox 105 2225 214 2282; x_wconf 88' lang='lat' dir='ltr'>cetera.</span> <span class='ocrx_word' id='word_1_173' title='bbox 260 2222 374 2283; x_wconf 79' lang='lat' dir='ltr'>Charta</span> <span class='ocrx_word' id='word_1_174' title='bbox 403 2227 450 2283; x_wconf 90' lang='lat' dir='ltr'>est</span> <span class='ocrx_word' id='word_1_175' title='bbox 478 2225 656 2284; x_wconf 88' lang='lat' dir='ltr'>tenuissima</span> <span class='ocrx_word' id='word_1_176' title='bbox 688 2228 778 2302; x_wconf 90' lang='lat' dir='ltr'>atque</span> <span class='ocrx_word' id='word_1_177' title='bbox 809 2226 934 2303; x_wconf 66' lang='grc'><strong>11111111,</strong></span> <span class='ocrx_word' id='word_1_178' title='bbox 969 2227 1120 2303; x_wconf 89' lang='lat' dir='ltr'>scriptura</span> 
     </span>
     <span class='ocr_line' id='line_1_25' title="bbox 105 2313 1119 2393; baseline 0.007 -24"><span class='ocrx_word' id='word_1_179' title='bbox 105 2313 261 2390; x_wconf 89' lang='lat' dir='ltr'>utriusque</span> <span class='ocrx_word' id='word_1_180' title='bbox 293 2331 399 2372; x_wconf 90' lang='lat' dir='ltr'>manus</span> <span class='ocrx_word' id='word_1_181' title='bbox 432 2314 519 2374; x_wconf 89' lang='lat' dir='ltr'>valde</span> <span class='ocrx_word' id='word_1_182' title='bbox 550 2315 687 2393; x_wconf 73' lang='lat' dir='ltr'>elegam,</span> <span class='ocrx_word' id='word_1_183' title='bbox 720 2315 844 2374; x_wconf 85' lang='lat' dir='ltr'>alterius</span> <span class='ocrx_word' id='word_1_184' title='bbox 875 2315 1009 2392; x_wconf 88' lang='lat' dir='ltr'>quidem,</span> <span class='ocrx_word' id='word_1_185' title='bbox 1043 2336 1119 2393; x_wconf 91' lang='lat' dir='ltr'>quae</span> 
     </span>
     <span class='ocr_line' id='line_1_26' title="bbox 105 2401 1120 2482; baseline 0.006 -23"><span class='ocrx_word' id='word_1_186' title='bbox 105 2401 337 2461; x_wconf 90' lang='lat' dir='ltr'>Demosthenem</span> <span class='ocrx_word' id='word_1_187' title='bbox 360 2403 493 2482; x_wconf 78' lang='lat' dir='ltr'>scripsit,</span> <span class='ocrx_word' id='word_1_188' title='bbox 517 2404 609 2463; x_wconf 89' lang='lat' dir='ltr'>etiam</span> <span class='ocrx_word' id='word_1_189' title='bbox 627 2403 782 2480; x_wconf 81' lang='lat' dir='ltr'>minutior3</span> <span class='ocrx_word' id='word_1_190' title='bbox 810 2404 982 2462; x_wconf 88' lang='lat' dir='ltr'>litterarum</span> <span class='ocrx_word' id='word_1_191' title='bbox 1006 2405 1120 2465; x_wconf 86' lang='lat' dir='ltr'>formae</span> 
     </span>
     <span class='ocr_line' id='line_1_27' title="bbox 105 2490 1121 2568; baseline 0.006 -20"><span class='ocrx_word' id='word_1_192' title='bbox 105 2490 217 2566; x_wconf 88' lang='lat' dir='ltr'>partim</span> <span class='ocrx_word' id='word_1_193' title='bbox 250 2492 371 2551; x_wconf 90' lang='lat' dir='ltr'>eaedem</span> <span class='ocrx_word' id='word_1_194' title='bbox 398 2494 488 2568; x_wconf 88' lang='lat' dir='ltr'>atque</span> <span class='ocrx_word' id='word_1_195' title='bbox 515 2493 547 2551; x_wconf 94' lang='lat' dir='ltr'>in</span> <span class='ocrx_word' id='word_1_196' title='bbox 574 2493 616 2568; x_wconf 83' lang='lat' dir='ltr'>A,</span> <span class='ocrx_word' id='word_1_197' title='bbox 647 2495 759 2568; x_wconf 91' lang='lat' dir='ltr'>partim</span> <span class='ocrx_word' id='word_1_198' title='bbox 791 2493 966 2568; x_wconf 89' lang='lat' dir='ltr'>peculiares.</span> <span class='ocrx_word' id='word_1_199' title='bbox 1012 2494 1121 2555; x_wconf 87' lang='lat' dir='ltr'>Manus</span> 
     </span>
     <span class='ocr_line' id='line_1_28' title="bbox 106 2573 1121 2662; baseline 0.006 -25"><span class='ocrx_word' id='word_1_200' title='bbox 106 2578 227 2655; x_wconf 90' lang='lat' dir='ltr'>quidem</span> <span class='ocrx_word' id='word_1_201' title='bbox 259 2596 280 2640; x_wconf 90' lang='grc' dir='ltr'>α</span> <span class='ocrx_word' id='word_1_202' title='bbox 312 2573 370 2662; x_wconf 84' lang='grc'><strong>(111</strong></span> <span class='ocrx_word' id='word_1_203' title='bbox 399 2582 478 2639; x_wconf 92' lang='lat' dir='ltr'>enim</span> <span class='ocrx_word' id='word_1_204' title='bbox 505 2581 636 2658; x_wconf 88' lang='lat' dir='ltr'>priorem</span> <span class='ocrx_word' id='word_1_205' title='bbox 664 2574 866 2661; x_wconf 87' lang='lat' dir='ltr'>appellemus)</span> <span class='ocrx_word' id='word_1_206' title='bbox 898 2582 1032 2658; x_wconf 91' lang='lat' dir='ltr'>primum</span> <span class='ocrx_word' id='word_1_207' title='bbox 1066 2586 1121 2644; x_wconf 91' lang='lat' dir='ltr'>hoc</span> 
     </span>
     <span class='ocr_line' id='line_1_29' title="bbox 105 2667 1122 2747; baseline 0.007 -22"><span class='ocrx_word' id='word_1_208' title='bbox 105 2667 210 2747; x_wconf 89' lang='lat' dir='ltr'>habet,</span> <span class='ocrx_word' id='word_1_209' title='bbox 238 2670 318 2746; x_wconf 90' lang='lat' dir='ltr'>quod</span> <span class='ocrx_word' id='word_1_210' title='bbox 344 2671 456 2730; x_wconf 86' lang='lat' dir='ltr'>litteris</span> <span class='ocrx_word' id='word_1_211' title='bbox 480 2668 518 2747; x_wconf 85' lang='lat' dir='ltr'>A,</span> <span class='ocrx_word' id='word_1_212' title='bbox 541 2668 586 2740; x_wconf 82' lang='lat' dir='ltr'>A,</span> <span class='ocrx_word' id='word_1_213' title='bbox 615 2669 706 2729; x_wconf 89' lang='lat' dir='ltr'>etiam</span> <span class='ocrx_word' id='word_1_214' title='bbox 730 2669 753 2730; x_wconf 89' lang='lat' dir='ltr'>B</span> <span class='ocrx_word' id='word_1_215' title='bbox 778 2690 796 2729; x_wconf 91' lang='lat' dir='ltr'>a</span> <span class='ocrx_word' id='word_1_216' title='bbox 823 2672 944 2730; x_wconf 90' lang='lat' dir='ltr'>sinistra</span> <span class='ocrx_word' id='word_1_217' title='bbox 967 2674 1057 2747; x_wconf 87' lang='lat' dir='ltr'>parte</span> <span class='ocrx_word' id='word_1_218' title='bbox 1080 2674 1122 2732; x_wconf 90' lang='lat' dir='ltr'>in·</span> 
     </span>
     <span class='ocr_line' id='line_1_30' title="bbox 106 2757 1123 2838; baseline 0.007 -23"><span class='ocrx_word' id='word_1_219' title='bbox 106 2757 214 2818; x_wconf 85' lang='lat' dir='ltr'>feriore</span> <span class='ocrx_word' id='word_1_220' title='bbox 239 2759 325 2836; x_wconf 89' lang='lat' dir='ltr'>quasi</span> <span class='ocrx_word' id='word_1_221' title='bbox 348 2760 452 2838; x_wconf 90' lang='lat' dir='ltr'>laquei</span> <span class='ocrx_word' id='word_1_222' title='bbox 475 2759 595 2835; x_wconf 87' lang='lat' dir='ltr'>parvuli</span> <span class='ocrx_word' id='word_1_223' title='bbox 617 2759 730 2836; x_wconf 88' lang='lat' dir='ltr'>appieti</span> <span class='ocrx_word' id='word_1_224' title='bbox 754 2762 836 2830; x_wconf 84' lang='lat' dir='ltr'>sunt,</span> <span class='ocrx_word' id='word_1_225' title='bbox 865 2765 1005 2820; x_wconf 86' lang='lat' dir='ltr'>manente</span> <span class='ocrx_word' id='word_1_226' title='bbox 1029 2762 1123 2822; x_wconf 88' lang='lat' dir='ltr'>ductu</span> 
     </span>
     <span class='ocr_line' id='line_1_31' title="bbox 106 2846 1123 2925; baseline 0.006 -21"><span class='ocrx_word' id='word_1_227' title='bbox 106 2846 226 2907; x_wconf 86' lang='lat' dir='ltr'>litterae</span> <span class='ocrx_word' id='word_1_228' title='bbox 255 2849 390 2924; x_wconf 82' lang='lat' dir='ltr'>sinistr03</span> <span class='ocrx_word' id='word_1_229' title='bbox 419 2851 539 2908; x_wconf 83' lang='lat' dir='ltr'>exstant</span> <span class='ocrx_word' id='word_1_230' title='bbox 566 2848 687 2906; x_wconf 90' lang='lat' dir='ltr'>eaedem</span> <span class='ocrx_word' id='word_1_231' title='bbox 711 2849 925 2925; x_wconf 87' lang='lat' dir='ltr'>appendiculae</span> <span class='ocrx_word' id='word_1_232' title='bbox 948 2849 1123 2910; x_wconf 86' lang='lat' dir='ltr'>litterarum</span> 
     </span>
     <span class='ocr_line' id='line_1_32' title="bbox 106 2933 1122 3014; baseline 0.004 -18"><span class='ocrx_word' id='word_1_233' title='bbox 106 2933 131 2996; x_wconf 96' lang='lat' dir='ltr'>A</span> <span class='ocrx_word' id='word_1_234' title='bbox 155 2939 186 2994; x_wconf 89' lang='grc'>11</span> <span class='ocrx_word' id='word_1_235' title='bbox 209 2934 241 2996; x_wconf 95' lang='grc' dir='ltr'>Δ</span> <span class='ocrx_word' id='word_1_236' title='bbox 269 2939 359 2997; x_wconf 92' lang='lat' dir='ltr'>etiam</span> <span class='ocrx_word' id='word_1_237' title='bbox 386 2937 418 2996; x_wconf 93' lang='lat' dir='ltr'>in</span> <span class='ocrx_word' id='word_1_238' title='bbox 448 2938 478 3014; x_wconf 83' lang='grc' dir='ltr'>β,</span> <span class='ocrx_word' id='word_1_239' title='bbox 507 2940 579 2996; x_wconf 87' lang='lat' dir='ltr'>sunt</span> <span class='ocrx_word' id='word_1_240' title='bbox 606 2940 707 2996; x_wconf 88' lang='lat' dir='ltr'>autem</span> <span class='ocrx_word' id='word_1_241' title='bbox 734 2938 778 2997; x_wconf 96' lang='lat' dir='ltr'>ibi</span> <span class='ocrx_word' id='word_1_242' title='bbox 805 2939 915 2996; x_wconf 91' lang='lat' dir='ltr'>mirum</span> <span class='ocrx_word' id='word_1_243' title='bbox 941 2938 974 2997; x_wconf 92' lang='lat' dir='ltr'>in</span> <span class='ocrx_word' id='word_1_244' title='bbox 996 2941 1122 3000; x_wconf 91' lang='lat' dir='ltr'>modum</span> 
     </span>
     <span class='ocr_line' id='line_1_33' title="bbox 106 3023 1121 3104; baseline 0.005 -21"><span class='ocrx_word' id='word_1_245' title='bbox 106 3029 270 3101; x_wconf 88' lang='lat' dir='ltr'>porrectae.</span> <span class='ocrx_word' id='word_1_246' title='bbox 304 3024 445 3086; x_wconf 83' lang='lat' dir='ltr'>Ceterum</span> <span class='ocrx_word' id='word_1_247' title='bbox 467 3026 499 3085; x_wconf 95' lang='lat' dir='ltr'>in</span> <span class='ocrx_word' id='word_1_248' title='bbox 523 3027 541 3102; x_wconf 93' lang='grc' dir='ltr'>β</span> <span class='ocrx_word' id='word_1_249' title='bbox 563 3026 667 3086; x_wconf 89' lang='lat' dir='ltr'>littera</span> <span class='ocrx_word' id='word_1_250' title='bbox 688 3023 713 3086; x_wconf 96' lang='lat' dir='ltr'>A</span> <span class='ocrx_word' id='word_1_251' title='bbox 737 3046 825 3104; x_wconf 85' lang='lat' dir='ltr'>saepe</span> <span class='ocrx_word' id='word_1_252' title='bbox 852 3028 944 3086; x_wconf 89' lang='lat' dir='ltr'>etiam</span> <span class='ocrx_word' id='word_1_253' title='bbox 967 3032 1121 3088; x_wconf 76' lang='grc'><strong>1111111111</strong></span> 
     </span>
     <span class='ocr_line' id='line_1_34' title="bbox 107 3114 1122 3195; baseline 0.006 -23"><span class='ocrx_word' id='word_1_254' title='bbox 107 3114 235 3174; x_wconf 88' lang='lat' dir='ltr'>formam</span> <span class='ocrx_word' id='word_1_255' title='bbox 262 3114 486 3191; x_wconf 83' lang='lat' dir='ltr'>epigraphicam</span> <span class='ocrx_word' id='word_1_256' title='bbox 509 3115 609 3190; x_wconf 89' lang='lat' dir='ltr'>habet,</span> <span class='ocrx_word' id='word_1_257' title='bbox 637 3135 655 3175; x_wconf 88' lang='lat' dir='ltr'>a</span> <span class='ocrx_word' id='word_1_258' title='bbox 684 3135 743 3194; x_wconf 91' lang='lat' dir='ltr'>qua</span> <span class='ocrx_word' id='word_1_259' title='bbox 769 3117 922 3175; x_wconf 85' lang='lat' dir='ltr'>interdurn</span> <span class='ocrx_word' id='word_1_260' title='bbox 944 3135 982 3177; x_wconf 93' lang='lat' dir='ltr'>ne</span> <span class='ocrx_word' id='word_1_261' title='bbox 1011 3134 1032 3177; x_wconf 91' lang='grc' dir='ltr'>α</span> <span class='ocrx_word' id='word_1_262' title='bbox 1057 3118 1122 3195; x_wconf 87' lang='lat' dir='ltr'>qui-</span> 
     </span>
     <span class='ocr_line' id='line_1_35' title="bbox 108 3201 1122 3283; baseline 0.006 -23"><span class='ocrx_word' id='word_1_263' title='bbox 108 3201 176 3260; x_wconf 90' lang='lat' dir='ltr'>dem</span> <span class='ocrx_word' id='word_1_264' title='bbox 204 3222 310 3264; x_wconf 86' lang='lat' dir='ltr'>manus</span> <span class='ocrx_word' id='word_1_265' title='bbox 338 3204 382 3263; x_wconf 90' lang='lat' dir='ltr'>ita</span> <span class='ocrx_word' id='word_1_266' title='bbox 409 3206 497 3283; x_wconf 85' lang='lat' dir='ltr'>longe</span> <span class='ocrx_word' id='word_1_267' title='bbox 524 3206 624 3280; x_wconf 83' lang='lat' dir='ltr'>abest3</span> <span class='ocrx_word' id='word_1_268' title='bbox 657 3207 749 3264; x_wconf 90' lang='lat' dir='ltr'>semel</span> <span class='ocrx_word' id='word_1_269' title='bbox 777 3211 878 3265; x_wconf 88' lang='lat' dir='ltr'>autem</span> <span class='ocrx_word' id='word_1_270' title='bbox 905 3205 936 3263; x_wconf 91' lang='lat' dir='ltr'>in</span> <span class='ocrx_word' id='word_1_271' title='bbox 966 3206 1122 3283; x_wconf 85' lang='lat' dir='ltr'>Hyperide</span> 
     </span>
     <span class='ocr_line' id='line_1_36' title="bbox 108 3292 1123 3370; baseline 0.004 -20"><span class='ocrx_word' id='word_1_272' title='bbox 108 3292 227 3351; x_wconf 82' lang='lat' dir='ltr'>cursivo</span> <span class='ocrx_word' id='word_1_273' title='bbox 253 3293 351 3352; x_wconf 89' lang='lat' dir='ltr'>forma</span> <span class='ocrx_word' id='word_1_274' title='bbox 372 3295 507 3370; x_wconf 86' lang='lat' dir='ltr'>vulgaris</span> <span class='ocrx_word' id='word_1_275' title='bbox 537 3295 568 3353; x_wconf 91' lang='lat' dir='ltr'>in</span> <span class='ocrx_word' id='word_1_276' title='bbox 592 3297 724 3354; x_wconf 85' lang='lat' dir='ltr'>extremo</span> <span class='ocrx_word' id='word_1_277' title='bbox 747 3313 836 3354; x_wconf 83' lang='lat' dir='ltr'>versu</span> <span class='ocrx_word' id='word_1_278' title='bbox 860 3297 977 3354; x_wconf 84' lang='lat' dir='ltr'>exstare</span> <span class='ocrx_word' id='word_1_279' title='bbox 1001 3297 1123 3357; x_wconf 81' lang='lat' dir='ltr'>videtur</span> 
     </span>
     <span class='ocr_line' id='line_1_37' title="bbox 109 3372 1164 3464; baseline 0.006 -25"><span class='ocrx_word' id='word_1_280' title='bbox 109 3372 179 3459; x_wconf 88' lang='lat' dir='ltr'>(col.</span> <span class='ocrx_word' id='word_1_281' title='bbox 199 3382 228 3458; x_wconf 77' lang='lat'>4,</span> <span class='ocrx_word' id='word_1_282' title='bbox 248 3373 314 3464; x_wconf 83' lang='lat'>25).</span> <span class='ocrx_word' id='word_1_283' title='bbox 352 3378 379 3443; x_wconf 90' lang='grc' dir='ltr'>Ξ</span> <span class='ocrx_word' id='word_1_284' title='bbox 400 3387 429 3443; x_wconf 88' lang='grc'>11</span> <span class='ocrx_word' id='word_1_285' title='bbox 449 3400 470 3442; x_wconf 88' lang='grc' dir='ltr'>α</span> <span class='ocrx_word' id='word_1_286' title='bbox 489 3387 519 3443; x_wconf 89' lang='grc'>11</span> <span class='ocrx_word' id='word_1_287' title='bbox 540 3384 557 3458; x_wconf 94' lang='grc' dir='ltr'>β</span> <span class='ocrx_word' id='word_1_288' title='bbox 576 3383 673 3443; x_wconf 90' lang='lat' dir='ltr'>tribus</span> <span class='ocrx_word' id='word_1_289' title='bbox 691 3384 829 3459; x_wconf 87' lang='lat' dir='ltr'>partibus</span> <span class='ocrx_word' id='word_1_290' title='bbox 853 3384 990 3444; x_wconf 90' lang='lat' dir='ltr'>discretis</span> <span class='ocrx_word' id='word_1_291' title='bbox 1013 3385 1122 3461; x_wconf 84' lang='lat' dir='ltr'>pinxit.</span> <span class='ocrx_word' id='word_1_292' title='bbox 1162 3422 1164 3431; x_wconf 79' lang='lat'><em>=</em></span> 
     </span>
    </p>
   </div>
   <div class='ocr_carea' id='block_1_3' title="bbox 98 3456 1164 3550">
    <p class='ocr_par' dir='ltr' id='par_1_3' title="bbox 98 3456 1164 3550">
     <span class='ocr_line' id='line_1_38' title="bbox 98 3456 1164 3550; baseline 0.011 -27"><span class='ocrx_word' id='word_1_293' title='bbox 98 3469 138 3524; x_wconf 84' lang='lat' dir='ltr'>In</span> <span class='ocrx_word' id='word_1_294' title='bbox 160 3466 193 3527; x_wconf 93' lang='grc' dir='ltr'><em>Ν</em></span> <span class='ocrx_word' id='word_1_295' title='bbox 214 3471 324 3532; x_wconf 84' lang='lat' dir='ltr'>ductus</span> <span class='ocrx_word' id='word_1_296' title='bbox 351 3473 469 3533; x_wconf 88' lang='lat' dir='ltr'>medius</span> <span class='ocrx_word' id='word_1_297' title='bbox 493 3477 660 3533; x_wconf 86' lang='lat' dir='ltr'>extremum</span> <span class='ocrx_word' id='word_1_298' title='bbox 686 3493 746 3532; x_wconf 92' lang='lat' dir='ltr'>non</span> <span class='ocrx_word' id='word_1_299' title='bbox 769 3474 848 3532; x_wconf 87' lang='lat' dir='ltr'>infra</span> <span class='ocrx_word' id='word_1_300' title='bbox 871 3473 923 3533; x_wconf 91' lang='lat' dir='ltr'>sed</span> <span class='ocrx_word' id='word_1_301' title='bbox 945 3475 1051 3550; x_wconf 89' lang='lat' dir='ltr'>paullo</span> <span class='ocrx_word' id='word_1_302' title='bbox 1076 3495 1124 3535; x_wconf 90' lang='lat' dir='ltr'>su·</span> <span class='ocrx_word' id='word_1_303' title='bbox 1162 3456 1164 3489; x_wconf 71' lang='lat'>⁵</span> 
     </span>
    </p>
   </div>
   <div class='ocr_carea' id='block_1_4' title="bbox 0 0 1207 3840">
    <p class='ocr_par' dir='ltr' id='par_1_4' title="bbox 0 0 1207 3840">
     <span class='ocr_line' id='line_1_39' title="bbox 0 0 1207 3840; baseline 0 0"><span class='ocrx_word' id='word_1_304' title='bbox 0 0 1207 3840; x_wconf 95' lang='lat' dir='ltr'> </span> 
     </span>
    </p>
   </div>
  </div>
 </body>
</html>
