2392 3840
116 111 205 166 XLIV
470 112 560 167 VITA
578 111 774 168 HYPERIDIS

65 273 98 322 18
118 258 296 337 περίπατον
329 259 364 324 ἐν
396 265 434 343 τῇ
466 258 675 338 ἰχθυοπώλιδι
707 257 864 338 ὁτημέραι.
894 295 932 304 -
964 258 1128 339 ὡμιληκὼε

118 349 154 412 δὲ
178 349 228 412 καί
252 347 460 432 [δίκῃ1Φρύνῃ
483 354 521 433 τῇ
541 347 652 430 ἑταίρᾳ
670 347 795 428 ἀεεβεῑν
815 349 983 432 κρινομένῃ
1003 356 1127 430 ευνεξη-

117 436 229 515 τάεθη·
253 437 350 502 αὐτὸ(
372 438 434 517 γὰρ
453 441 549 502 τούτο
568 437 605 501 έν
624 435 705 520 ἀρχῇ
724 441 782 501 τού
802 437 902 514 λόγου
921 441 1034 517 δηλοῖ·
1057 443 1127 518 μελ-

117 526 232 604 λούεητ
256 525 286 589 δ’
314 527 411 606 αύτῆτ
439 525 627 604 άλίεκετθαι,
656 527 854 605 παραγαγὼν
883 527 928 590 εἰ(
955 528 1053 606 μέεον
1080 529 1129 592 καὶ

117 618 305 696 περιρρήξας
324 618 382 694 τὴν
401 617 525 694 έεθῆτα,
544 616 686 680 ἐπέδειξε
705 616 745 678 τά
764 617 877 694 ετέρνα
895 620 952 695 τῆ(
969 618 1128 696 γυναικός,

116 706 167 767 καὶ
190 708 257 768 τῶν
279 709 434 769 δικαετῶν
459 705 503 770 εἰ(
526 706 564 768 τὸ
588 704 705 768 κάλλοτ
729 702 912 768 ἀπιδόντων
936 703 1062 784 ἀφείθη.
1088 743 1126 752 -

65 807 97 856 ιο
117 795 270 858 τυνετίθει
298 794 334 856 δὲ
357 794 455 878 ἡευχῇ
480 795 560 857 κατὰ
591 797 650 856 τού
678 792 906 871 Δημοτθένουτ
938 794 1128 874 ἐγκλήματα,

116 881 161 945 ὼε
175 883 227 947 καί
243 887 445 961 φωραθῆναι·
465 887 638 946 νοεούντοτ
652 881 713 960 γὰρ
727 885 787 945 τοῦ
801 882 996 960 Ὑπερείδου
1011 885 1129 963 ἥκοντα

117 970 161 1035 εἰ(
184 972 243 1049 τὴν
267 969 368 1035 οἰκίαν
386 973 444 1034 τὸν
463 971 662 1050 Δημοεθένη,
686 970 731 1034 ὼε
749 970 1012 1052 έπιεκεψόμενον,
1035 994 1129 1038 κατα-

117 1062 228 1137 λαβεῖν
261 1061 439 1137 κατέχοντα
470 1061 508 1124 τὸ
541 1058 614 1125 καθ’
648 1059 747 1124 αὑτοῦ
783 1059 915 1139 βιβλίον·
948 1061 1068 1125 τούτου
1101 1059 1128 1125 δ’

117 1146 376 1224 άγανακτοῦντοε
404 1147 487 1213 είπε·
516 1147 639 1227 ,,Φίλον
669 1150 727 1227 μὲν
756 1147 836 1212 ὄντα
863 1148 960 1213 οὐδέν
989 1153 1129 1231 λυπήεει,

116 1237 234 1315 έχθρὸν
258 1238 293 1300 δὲ
317 1237 495 1317 γενόμενον
517 1238 650 1302 κωλύεει
669 1259 699 1301 τι
722 1235 796 1301 κατ’
818 1238 896 1316 ἐμοῦ
919 1241 1067 1317 πράξαιίί
1089 1277 1125 1288 -

116 1481 193 1552 (Ath.
208 1481 318 1550 croht:
345 1484 397 1537 τόν
418 1484 444 1536 τ’
462 1483 628 1551 ἰχθυόρρουν
648 1483 776 1549 ποταμόν
796 1481 959 1550 Ὑπερείδην
976 1489 1077 1554 περᾷε,
1100 1487 1130 1540 δε

115 1555 208 1621 ἠπίαιε
221 1562 356 1622 φωναῑαν
370 1557 510 1623 ἔμφρονος
523 1556 608 1621 λόγου
623 1556 738 1621 κόμποι(
746 1555 902 1621 παφλάζων
912 1554 1004 1621 ἠπίοιε
1013 1556 1130 1626 (ὑπτίοις

115 1625 209 1694 Kaib.)
223 1629 399 1693 πυκνώμααν
412 1628 482 1695 πρὸ(
494 1645 567 1681 παν.
582 1628 716 1680 ...δυεαε
734 1627 788 1692 ἔχει
807 1626 941 1691 μιεθωτόε
959 1627 1037 1693 ἄρδει
1050 1629 1131 1682 πεδία

115 1702 167 1752 τού
193 1700 357 1754 δεδωκότοε.
394 1697 492 1767 Pergit
509 1697 587 1751 Ath.:
617 1698 778 1764 citerdrose
801 1697 826 1751 b’
841 1697 871 1750 ἐν
892 1698 1044 1768 Ἀεκληπιῷ
1068 1699 1130 1771 [τόν

117 1769 190 1840 Ὑπ]
210 1770 290 1840 (haec
305 1769 360 1824 del.
375 1768 501 1838 Wilam.)
518 1770 589 1836 πρό(
601 1775 643 1838 τῷ
662 1769 821 1834 ὀψοφαγεῖν
839 1770 885 1821 καί
898 1770 1023 1834 κυβεύειν
1043 1772 1130 1824 αὐτόν

115 1857 189 1908 φηει.
214 1871 248 1881 -
271 1846 344 1906 §18-
368 1842 406 1893 ὡ(
431 1841 504 1894 είκόε
529 1841 559 1894 δέ
582 1842 628 1893 καὶ
653 1839 714 1908 δίκῃ
738 1838 816 1904 libri;
843 1838 951 1894 emend.
974 1838 1131 1896 Buecheler

116 1912 242 1980 (ἑωθινός
255 1928 318 1964 cum
332 1909 566 1980 praecedentibus
579 1909 706 1964 iunctum
721 1926 771 1978 pro
782 1911 820 1964 ωε
834 1909 907 1964 είκόε
921 1908 955 1965 ci.
965 1909 1131 1979 Westerm.;

116 1984 155 2036 ὡς
177 1983 256 2036 είκόε.
286 1985 331 2035 καί
355 1984 388 2048 δη
413 1984 458 2034 καί
475 1979 599 2048 Reiske).
619 2012 652 2020 -
672 1983 757 2035 αύτὸε
774 1983 827 2049 γάρ
848 1984 904 2037 κτλ.
924 1981 961 2034 ad
985 1985 1132 2051 ὡμιληκώς

115 2052 300 2121 referendum,
319 2050 376 2104 nisi
389 2067 454 2106 vero
467 2054 534 2120 post
548 2056 670 2119 ευνεξητ.
685 2050 787 2105 lacuna
802 2056 853 2106 est.
872 2051 906 2106 cf.
922 2052 975 2121 frg.
991 2054 1129 2109 orationis

109 2140 165 2192 ,pro
184 2122 310 2192 Phryne3
335 2122 446 2203 Sauppe
466 2123 497 2177 Ο.
516 2121 549 2178 A.
568 2122 606 2192 II,
621 2128 673 2176 301
694 2124 722 2177 et
741 2128 801 2178 313.
839 2124 964 2177 Narrant
984 2141 1046 2178 rem
1065 2125 1130 2180 Ath

115 2193 179 2247 XIII
195 2199 247 2248 590
263 2193 323 2260 DII3
343 2193 450 2262 Syrian.
465 2193 495 2247 in
508 2193 641 2262 Hermog.
657 2192 703 2262 IV,
718 2199 771 2248 414
785 2195 856 2265 (Syr.
872 2194 916 2248 ed.
931 2196 1010 2249 Rabe
1024 2198 1059 2266 II,
1070 2201 1130 2265 91);

116 2263 229 2320 Maxim.
243 2265 321 2318 Plan.
336 2265 362 2319 V
375 2282 401 2334 p.
415 2269 480 2319 285·
500 2271 634 2334 Anonym.
649 2265 711 2332 VII,
725 2269 777 2319 335
797 2267 827 2320 et
845 2271 896 2321 338
907 2265 965 2333 W.;
985 2267 1080 2332 Quint
1095 2268 1131 2337 ΙΙ,

117 2340 159 2400 15,
174 2343 199 2394 θ.
237 2336 292 2391 Sed
311 2352 383 2405 quae
401 2335 432 2389 hi
449 2305 633 2405 Isyperidem
657 2339 755 2390 eadem
774 2335 824 2390 alii
842 2337 940 2404 (schol.
959 2337 1054 2393 Herm.
1069 2339 1130 2404 VII,

117 2414 132 2462 ⁷
146 2407 204 2474 W.;
225 2409 299 2463 Sext.
314 2409 393 2477 Emp.
410 2407 473 2461 adv.
487 2408 576 2463 math.
591 2408 625 2474 II,
640 2411 690 2474 54,
704 2407 829 2478 Alciphr.
843 2407 895 2477 Ep.
905 2408 926 2476 I,
938 2413 982 2476 31)
998 2409 1132 2480 Phrynen

115 2477 206 2547 ipsam
224 2478 323 2533 fecisse
342 2478 471 2549 tradunt,
490 2496 523 2533 ac
543 2477 749 2533 dubitationem
768 2485 883 2533 movent
900 2482 1049 2548 praeterea
1067 2499 1132 2536 oum

115 2566 162 2619 ea,
185 2566 258 2619 quae
278 2550 439 2605 Athenaeus
462 2549 618 2605 narrationi
641 2548 745 2603 subicit
768 2551 824 2619 (καὶ
848 2551 995 2619 άφεθείεηε
1018 2554 1130 2622 ἐγράφη

116 2624 184 2687 μετά
208 2627 298 2676 ταῦτα
323 2625 464 2691 ψήφιεμα,
491 2624 596 2690 μηδένα
622 2621 783 2677 οἰκτίζεεθαι
807 2628 867 2676 τῶν
892 2624 1035 2687 λεγόντων
1060 2627 1131 2693 ὑπέρ

114 2709 202 2759 τινος,
226 2695 295 2760 μηδὲ
319 2695 486 2761 βλεπόμενον
504 2696 555 2748 τὸν
578 2695 824 2760 κατηγορούμενον
847 2697 864 2760 ἢ
883 2697 937 2761 τὴν
956 2711 1130 2764 κατηγορου-

115 2765 201 2829 μένην
225 2764 371 2831 κρίνεεθαι)
390 2797 423 2804 -
442 2764 513 2819 haec
532 2763 607 2818 enim
625 2763 709 2817 nimis
732 2762 912 2818 incredibilia
931 2767 997 2818 sunt
1015 2797 1049 2806 -
1069 2771 1131 2820 tum

114 2833 262 2904 Bosidippi
280 2836 380 2890 comici
398 2852 494 2890 versus
514 2851 558 2905 ap.
577 2835 643 2890 Ath.
659 2840 709 2891 591
724 2835 761 2903 Ε,
780 2834 881 2903 quibus
901 2838 935 2890 de
953 2835 1004 2890 illo
1023 2837 1129 2894 iudicio

113 2905 198 2976 longe
214 2907 324 2961 diversa
338 2908 498 2962 narrantur:
518 2908 613 2974 Φρύνη
627 2907 682 2974 πρό
696 2910 777 2974 ἡμῶν
791 2908 907 2973 γέγονεν
922 2909 1129 2978 έπιφανεετάτη

114 2982 185 3033 πολὺ
199 2983 258 3033 τῶν
274 2981 405 3046 ἑταιρῶν·
425 2981 469 3032 καί
483 2979 537 3045 γὰρ
552 2979 576 3032 εί
593 2979 718 3045 νεωτέρα
736 2983 794 3032 τῶν
812 2979 878 3032 τότε
897 2980 1006 3046 χρόνων
1027 2983 1059 3047 εῑ,
1078 2982 1130 3034 τόν

113 3051 141 3114 γ’
160 3052 251 3116 ἀγῶν’
270 3052 398 3119 άκήκοατ.
437 3051 566 3115 βλάπτειν
585 3051 704 3103 δοκοθεα
721 3052 788 3103 τοὺς
807 3050 881 3116 βίου(
900 3048 1008 3116 μείζους
1028 3055 1129 3119 βλάβαε

113 3125 166 3188 τὴν
191 3122 300 3190 ἡλιαίαν
326 3121 381 3175 είλε
406 3123 473 3190 (εῑδε
495 3120 600 3187 Bothe,
626 3119 679 3174 lae.
698 3121 763 3189 post
786 3123 852 3187 ειύμ.
871 3119 965 3190 Kaib.)
987 3126 1052 3190 περὶ
1076 3129 1127 3177 τοθ

114 3193 252 3259 εώματοε,
277 3195 323 3247 καί
345 3197 403 3246 τῶν
422 3194 558 3246 δικαετύιν
580 3193 643 3245 καθ’
661 3193 710 3245 ἕνα
729 3194 888 3259 δεξιουμένη
911 3194 979 3259 μετά
998 3196 1129 3262 δακρύων

115 3264 224 3318 διέεωεε
242 3267 294 3331 τὴν
313 3266 407 3330 ψυχὴν
426 3264 510 3329 μόλιε.
525 3293 557 3302 -
574 3263 698 3317 ceterum
715 3261 900 3332 Hermippum
919 3279 977 3317 rem
997 3266 1127 3334 attigisse

113 3333 453 3459 {terrram
467 3333 717 3459 &theth
740 3336 1126 3462 dtdwdrttttt

114 3474 342 3530 narratiunculae
370 3475 454 3530 fidem
483 3477 602 3546 derogat
629 3474 768 3530 Schaefer.
787 3476 846 3544 111⁹,
861 3482 925 3546 340,
940 3481 966 3532 3.
