2392 3840
214 116 354 173 ARGVM.
374 116 562 172 ORATIONV
563 117 592 171 M
608 116 795 173 BREVITER
811 117 938 174 Dasea.
1045 119 1082 174 LI

159 266 210 328 Or.
228 268 267 328 H.
309 268 489 345 Lycophron
516 267 626 328 nobilis
648 268 855 342 Atheniensis,
883 287 952 328 cum
974 270 1081 330 Lemni

65 358 240 435 praefectus
273 357 409 432 equitum
439 357 564 417 tertium
594 359 656 416 iam
688 377 799 416 annum
831 363 1074 435 commoraretur,

67 441 251 524 εἰεαγγελίᾳ
283 446 398 522 petitus
430 449 477 506 est
508 446 587 524 quod
623 447 766 505 feminam
802 447 910 524 civem,
946 466 1079 507 sororem

65 535 210 612 Dioxippi
240 534 349 594 nobilis
378 536 523 609 athletae,
553 538 656 612 stupro
679 535 846 611 polluisset.
891 535 1081 596 Exstiterunt

66 624 203 702 Lycurgi
235 624 313 683 duae
344 626 450 683 eontra
480 625 709 702 Lycophronem
747 624 895 684 orationes
927 625 984 684 hac
1013 625 1081 701 ipsa

66 716 100 772 in
126 731 219 772 causa
250 712 384 790 habitae3
417 713 469 790 qui
500 714 602 773 tamen
634 714 714 790 apud
737 714 920 791 Hyperidem
943 708 963 772 ὁ
985 710 1079 789 κατή-

67 818 167 876 γοροί
187 801 300 860 dicitur
318 803 429 878 quique
449 797 649 875 εἰεαγγελίαν
663 802 791 878 scripsit,
809 803 835 862 is
848 820 909 862 non
922 802 1080 880 Lycurgus

67 894 127 968 est,
156 892 208 950 sed
232 889 347 964 Aristo,
376 891 425 950 cui
451 891 611 969 Lycurgus
639 891 802 952 advocatus
830 891 915 951 etin
942 891 1080 952 contione

67 984 100 1040 et
121 981 154 1039 in
177 978 287 1038 iudicio
311 979 431 1039 affuisse
453 971 626 1061 videtur.*)
658 981 782 1039 Femina
803 980 858 1040 illa
880 980 939 1040 oiri
962 980 1081 1039 cuidam

67 1068 251 1128 Atheniensi
273 1071 370 1144 nupta
392 1069 500 1145 fuerat,
533 1069 584 1146 qui
616 1069 746 1129 moriens
774 1088 896 1128 uxorem
924 1069 1081 1147 gravidam

67 1161 99 1217 et
122 1159 339 1217 testamentum
363 1157 495 1236 reliquit,
518 1158 550 1216 in
568 1176 627 1234 quo
645 1159 820 1234 Euphemes
837 1159 970 1234 postumi
988 1161 1080 1236 tutor,

67 1251 203 1307 ceterum
227 1247 251 1305 si
279 1246 351 1322 quid
377 1264 470 1323 puero
493 1247 542 1306 vel
569 1247 601 1305 in
628 1247 777 1307 nascendo
800 1248 849 1308 vel
875 1250 982 1323 postca
1004 1247 1080 1306 acci-

67 1336 174 1412 disset,
205 1338 402 1412 cognatorum
426 1335 549 1412 quidam
571 1335 695 1396 heredes
718 1336 822 1412 scripti
845 1339 938 1396 erant
983 1337 1080 1395 Istum

65 1426 127 1484 iam
149 1442 279 1500 puerum
307 1427 493 1485 accusatores
524 1424 630 1501 illique
659 1425 718 1500 ipsi
741 1425 862 1502 cognati
884 1425 1079 1502 Lycophronc

65 1531 173 1574 revera
195 1513 332 1588 genitum
361 1532 425 1572 esse
453 1513 618 1587 affirmant,
645 1512 735 1588 idque
763 1516 854 1588 caput
880 1513 1080 1573 accusationis

67 1602 135 1661 fuit.
182 1601 292 1660 Mulier
311 1599 461 1678 Oharippo
485 1601 616 1661 seeundo
639 1601 749 1660 marito
771 1601 883 1677 nupsit,
907 1602 992 1661 cuius
1011 1621 1080 1661 cum

68 1691 194 1750 domum
213 1689 379 1764 duceretur,
401 1691 630 1768 Lycophronem
647 1691 679 1748 in
702 1691 752 1750 via
770 1690 809 1748 ad
832 1708 899 1748 eam
921 1691 1080 1749 accessisse

67 1784 99 1839 et
125 1782 161 1838 ut
190 1779 280 1837 fidem
302 1779 479 1855 promissam
508 1779 565 1839 sibi
592 1783 726 1839 servaret
753 1779 906 1839 hortatum
933 1797 998 1838 esse
1021 1779 1080 1855 Ly·
1135 1787 1139 1794 ’

67 1887 180 1945 curgus
212 1868 246 1927 in
277 1869 414 1928 contione
450 1868 568 1944 pridem
603 1870 753 1946 arguerat.
813 1867 987 1943 Euphemes
1018 1867 1080 1944 ille,

67 1958 154 2018 cuius
179 1956 307 2017 subinde
329 1958 442 2018 mentio
465 1957 508 2032 fit,
532 1952 639 2032 κύριο(
661 1957 796 2016 mulieris
820 1948 961 2036 (fortasse
984 1956 1080 2015 frater

64 2038 178 2124 maior)
200 2046 353 2122 putandus
377 2050 433 2106 est.
451 2077 492 2088 ——
518 2045 603 2116 Quod
626 2045 664 2105 ad
686 2049 806 2122 tempus
830 2064 937 2106 causae
961 2046 1079 2120 attinet,

65 2135 102 2194 A.
122 2135 303 2194 Schaeferus
339 2135 441 2212 paullo
478 2138 548 2194 ante
578 2137 694 2212 107,4
723 2139 822 2194 actam
859 2153 923 2195 esse
961 2135 1080 2212 statuit,

66 2227 193 2300 propter
215 2224 423 2299 populationes
446 2224 591 2301 Philippi,
619 2224 671 2301 qui
695 2226 732 2285 ol.
753 2227 815 2285 106
836 2224 983 2284 Lemnum
1006 2243 1079 2300 quo-

66 2332 124 2390 que
159 2312 287 2372 navibus
320 2313 444 2373 adortus
477 2319 554 2391 arat,
585 2313 815 2390 Lycophronem
849 2313 923 2371 illuc
954 2312 1080 2371 missum

64 2406 177 2478 putans
208 2401 367 2478 locumque
391 2401 521 2461 Theonis
551 2402 694 2478 rhetoris,
725 2402 777 2479 qui
807 2420 842 2460 ex
865 2400 997 2479 Lycurgi
1024 2401 1080 2476 τῆ(

65 2487 191 2566 ὕβρεως
220 2483 329 2562 λόγοι(
356 2490 589 2550 Demosthenem
616 2490 648 2549 in
674 2491 838 2549 Midianam
866 2509 951 2551 suam
979 2489 1081 2567 aliqua

64 2578 260 2639 transtulisse
283 2579 365 2657 dicit,
388 2579 426 2638 ad
448 2580 503 2639 has
527 2579 676 2639 orationes
699 2580 839 2639 referens.
877 2578 919 2637 At
938 2598 974 2638 ex
992 2598 1079 2655 prae·

65 2669 187 2727 factura
214 2667 418 2743 Lycophronis
451 2668 612 2727 Lemniaca
643 2668 720 2727 nihil
752 2668 910 2744 quicquam
942 2667 1080 2727 concludi

66 2775 155 2832 posse
181 2755 354 2816 Aristotelis
378 2751 523 2835 πολιτείᾳ
546 2750 722 2831 Ἀθηναίων
750 2757 871 2817 inventa
897 2756 958 2815 iam
981 2756 1080 2816 edocti

67 2837 244 2926 sumus,**)
267 2864 363 2922 neque
384 2847 512 2905 alterum
532 2848 744 2923 argumentum
762 2845 857 2905 multo
876 2845 1005 2905 validius
1025 2847 1080 2905 est.

67 2934 127 2993 Sed
160 2953 230 2993 cum
263 2929 462 3007 εἰεαγγελίαν
499 2935 668 2994 accusatori
704 2954 821 3011 semper
855 2934 978 3009 impune
1014 2952 1079 2993 esse

64 3022 238 3100 Hyperides
258 3023 388 3082 affirmet
402 3021 434 3098 (ξ
451 3015 516 3104 12),
536 3042 602 3082 eam
620 3026 722 3083 autem
739 3023 919 3100 impunitam
936 3022 1079 3098 proximis

66 3116 137 3187 post
168 3131 302 3188 pugnam
325 3111 563 3172 Chaeronensem
594 3114 780 3188 temporibus
812 3130 872 3171 non
899 3111 960 3170 iam
987 3110 1079 3170 fuisse

174 3334 200 3404 ²¹³)
218 3335 279 3387 Hoc
298 3351 360 3389 cum
379 3333 436 3388 iam
455 3335 539 3389 antea
557 3333 733 3402 statuissem,
752 3351 825 3389 novo
843 3333 1000 3403 fragmento
1019 3349 1081 3388 ora·

67 3403 155 3460 tionis
173 3404 288 3460 invento
307 3405 499 3460 confirmatum
518 3408 569 3474 est,
588 3424 614 3459 v.
629 3405 682 3461 col.
696 3411 739 3473 47,
754 3411 778 3461 8.

158 3475 199 3546 **)
217 3477 252 3532 V.
270 3475 387 3533 Aristot.
405 3479 475 3534 Πολ.
490 3477 547 3535 Ἀθ.
566 3493 591 3533 o.
606 3482 653 3550 bi,
665 3484 693 3534 b.

859 3567 896 3621 d*
