2392 3840
93 126 171 180 XXX
374 210 376 216 γ
499 125 702 181 PRAEFATIO

95 279 249 336 ουθενουε
277 271 324 356 (h.
344 297 369 340 e.
392 272 546 355 οὐδένας)
574 309 611 318 -
636 310 674 318 -
696 294 916 352 οικειοτερουε.
968 277 1113 339 Contudit

94 366 331 442 praepositiones
359 362 423 442 πρό
456 371 486 426 et
518 361 612 441 πρός,
646 363 878 441 προδοκώμενα
911 367 1044 426 scribens
1080 372 1112 427 et

94 451 317 529 προεείλοντο,
350 475 439 531 porro
463 451 527 515 ὑπό
551 459 582 514 et
604 451 698 530 ὑπέρ,
731 457 811 515 unde
840 461 1009 515 monstrum
1032 456 1110 516 illud

94 544 233 604 vocabuli
260 539 533 619 ὑπερμεμνηκεναι
562 564 617 621 pro
640 540 914 619 ὑπομεμενηκέναι
937 546 965 604 ei
988 547 1109 604 excidit.

93 633 279 693 Foedissima
302 637 405 693 autern
424 634 557 693 omniurn
579 633 880 709 πληγαελαμβανειν
899 635 953 694 col.
974 636 1003 709 9,
1027 634 1108 710 quod

95 722 225 782 Cebetas
262 725 362 782 totum
400 726 436 781 ut
472 723 609 799 ineptum
644 722 791 782 emblema
826 724 895 782 tolli
927 722 1039 799 voluit,
1079 729 1109 782 et

94 812 206 872 αξαθαι
226 815 393 870 correctum
412 831 448 871 ex
466 812 586 886 αξαθην
606 812 661 872 col.
682 813 723 870 10
743 815 774 870 et
792 813 919 870 maxime
938 812 970 869 in
988 812 1044 870 col.
1066 815 1106 871 12

93 900 235 959 immania
264 900 329 958 illa:
370 899 1107 975 τωνδεηγορμενωνκαλονμενονετονεεπιετρα·

92 1004 383 1062 τειανετραεανταε.
437 989 543 1066 Itaque
580 991 714 1066 profecto
752 989 825 1048 fides
862 991 951 1049 huius
990 990 1108 1048 librarii

92 1078 257 1155 perexigua
285 1082 344 1155 ast,
377 1081 407 1137 et
430 1078 549 1154 quidvis
580 1079 607 1137 ci
639 1077 704 1136 iure
732 1077 958 1154 imputabimus.
1006 1080 1107 1155 Atque

93 1166 145 1242 qui
163 1166 194 1225 id
213 1165 409 1226 audacissime
424 1167 496 1226 fecit
510 1165 640 1227 Oobctus
660 1166 818 1243 praecipue
832 1187 974 1245 magnam
987 1167 1107 1226 laudem

92 1255 216 1333 meruit,
248 1257 394 1332 quantum
425 1256 545 1333 ingenio
578 1257 698 1332 praeter
730 1259 844 1315 ceteros
877 1257 1006 1331 polleret
1038 1257 1106 1332 plus

93 1344 187 1402 semel
223 1344 462 1420 splendidissime
500 1345 668 1405 ostendens.
714 1344 832 1422 Quippe
869 1346 900 1403 in
933 1345 1106 1405 Ardeniano

93 1433 230 1492 cautione
255 1434 357 1509 aliqua
380 1453 455 1511 opus
479 1437 525 1494 est
548 1437 579 1493 et
601 1438 726 1510 propter
748 1436 962 1494 auctorItatem
986 1435 1057 1493 libri
1076 1438 1108 1493 et

93 1521 172 1598 quod
196 1521 365 1598 Hyperides
388 1523 419 1582 in
441 1524 555 1584 talibus
580 1525 765 1583 orationibus
784 1525 834 1584 vel
857 1544 893 1583 ex
915 1525 1107 1601 neglegentia

93 1611 275 1688 elegantiam
298 1614 460 1694 quaesivit,
488 1616 521 1672 at
549 1614 580 1673 in
603 1614 776 1673 laudatione
807 1613 969 1673 artificiosa
996 1632 1106 1688 nequa-

93 1721 183 1777 quam
212 1705 327 1762 tanturn
357 1705 406 1762 vel
428 1703 474 1762 illi
497 1703 609 1762 oratori
637 1703 733 1762 licuit.
788 1703 828 1759 Et
850 1703 985 1761 videmus
1014 1702 1106 1760 etiam

93 1791 131 1849 ab
154 1791 286 1850 hiatibus
311 1791 361 1868 qui
384 1791 525 1851 dicuntur
548 1791 741 1850 admittendis
764 1791 797 1848 in
815 1791 870 1848 hac
889 1808 948 1847 una
970 1791 1104 1848 oratione

94 1899 161 1938 eum
191 1880 294 1939 sedulo
328 1881 455 1955 cavisse,
489 1879 514 1939 si
546 1879 665 1956 quidem
699 1879 729 1936 in
763 1879 827 1952 ipso
852 1869 893 1935 Α3
916 1877 1104 1936 vitiosissimi

92 1968 211 2042 generis
234 1968 335 2026 hiatus
354 1986 414 2026 non
431 1970 500 2043 plus
519 1967 578 2024 XII
596 1966 797 2042 reperiuntur,
820 1969 977 2041 praeterea
996 1966 1049 2022 ubi
1073 1983 1106 2024 αι

93 2055 264 2114 elidendum
291 2056 331 2114 sit
353 2055 411 2133 VI,
440 2055 493 2114 ubi
515 2056 627 2115 vocalis
655 2054 755 2114 breuis
784 2049 970 2131 (vocularum
998 2054 1104 2129 quales

93 2148 164 2204 sunt
188 2141 236 2218 δέ,
261 2139 348 2219 οὔτε,
377 2139 442 2203 ὑπό
465 2144 582 2203 ratione
604 2162 664 2202 non
686 2135 805 2223 habita)
829 2142 870 2217 V,
898 2141 951 2199 ubi
974 2137 1041 2218 καί,
1064 2139 1104 2216 οἱ,

93 2235 151 2308 τῆν,
171 2232 281 2292 similia
298 2233 417 2292 hiatum
435 2232 548 2293 faciant
566 2232 647 2308 XVI,
666 2231 793 2308 denique
817 2231 871 2289 ubi
889 2249 984 2306 pausa
1002 2232 1104 2290 hiatus

94 2325 251 2382 excusetur
279 2322 341 2382 fere
363 2321 426 2382 XX.
472 2323 515 2382 At
541 2322 574 2380 in
595 2321 805 2396 Euxenippeae
838 2319 968 2398 quinque
1001 2322 1104 2394 primis

93 2412 238 2470 columnis
258 2413 420 2472 eorundem
439 2414 511 2472 sunt
525 2430 669 2490 generum
681 2410 783 2469 hiatus
796 2409 864 2485 XII,
883 2409 909 2487 I,
926 2409 980 2483 IV,
994 2410 1103 2486 XXIV,

92 2499 156 2559 XV.
203 2501 285 2570 Quae
309 2521 376 2561 oum
398 2502 443 2561 ita
467 2501 540 2573 sint,
564 2499 636 2576 quid
660 2503 804 2576 sequatur
826 2499 912 2559 nobis
937 2499 1103 2557 editoribus

92 2589 214 2648 tandem
237 2589 397 2666 aliquando
420 2589 581 2650 videndum
605 2592 659 2648 est.
704 2588 772 2646 Non
799 2588 936 2664 sequitur
959 2590 1104 2663 profecte,

92 2681 128 2737 ut
150 2679 218 2738 illos
237 2679 296 2739 XII
318 2681 420 2739 hiatus
444 2697 546 2738 omnes
565 2677 701 2755 quamvis
723 2677 839 2736 incerta
860 2677 977 2736 ratione
996 2678 1102 2736 tollere

93 2786 246 2844 conemur,
272 2789 376 2828 vemm
399 2769 534 2844 sequitur
547 2768 684 2827 tortasse
707 2770 743 2825 ut
766 2767 873 2825 vitium
902 2767 1028 2825 traxisse
1053 2785 1103 2824 eos

91 2857 173 2916 loces
197 2858 396 2935 suspicemur,
418 2856 566 2934 imprimis
596 2858 698 2915 autern
725 2858 761 2914 ut
787 2855 846 2931 ipsi
874 2855 912 2914 ab
940 2855 1103 2913 inferendis

91 2947 177 3006 novis
200 2948 333 3006 hiatibus
358 2964 524 3023 caveamus,
547 2945 627 3021 quod
644 2963 731 3004 nemo
750 2944 848 3002 adhuc
865 2948 1004 3003 nostrum
1023 2944 1102 3001 fecit.

91 3034 198 3113 Itaque
222 3055 289 3095 cum
313 3036 353 3095 sit
380 3035 513 3110 alioquin
541 3034 573 3092 in
603 3035 658 3092 hoc
688 3033 765 3091 libro
795 3051 907 3108 magna
935 3032 1104 3109 corrigendi

91 3125 221 3201 licentia,
245 3124 347 3199 aliqua
369 3127 471 3183 tamen
494 3126 634 3198 exparte
657 3122 693 3180 fit
711 3122 775 3181 eius
794 3123 932 3180 licentiae
952 3121 1102 3179 restrictio

91 3231 236 3290 perquam
260 3213 410 3272 salutaris.

30 3313 100 3378 Fide·
237 3299 256 3376 ἓ
276 3304 326 3361 21.
363 3301 428 3360 Iam
456 3300 535 3376 quod
559 3300 597 3359 ad
621 3301 696 3360 duos
724 3300 816 3358 libros
840 3317 942 3357 reeens
966 3299 1103 3356 inventos

1 3368 135 3462 {iuffltm
147 3390 265 3469 attinet,
284 3410 379 3468 genus
398 3390 517 3466 quidem
537 3409 640 3449 eorum
659 3388 739 3448 idem
758 3392 803 3447 est
822 3391 912 3464 atque
930 3386 1103 3463 Ardeniani,

145 3481 245 3540 aetate
269 3481 338 3540 huic
358 3483 521 3557 praestant.
559 3480 673 3554 Aperte
693 3478 949 3555 mendosaneque
969 3480 1104 3535 correcta
