2392 3840
445 198 449 205 .
469 118 674 174 sensusne
990 121 1080 176 xxxi

62 274 94 333 in
116 270 316 331 Londiniensi
336 263 405 350 (N)
423 271 607 347 paucissima
630 272 713 346 sunt,
735 272 771 328 ut
794 264 834 330 ἄν
859 272 1001 331 omissum
1024 274 1080 335 col.

64 365 92 439 6,
114 363 173 439 21,
201 359 262 420 nisi
294 359 376 437 quod
400 359 432 418 in
461 359 504 419 eis
528 377 604 434 quae
633 358 671 417 ad
699 360 825 418 formam
849 361 897 422 vel
920 360 1080 421 verborum

62 451 112 512 vel
137 448 349 509 declinationis
372 447 504 508 attinent
527 447 636 524 exigua
659 448 748 508 huius
772 467 890 525 quoque
913 449 983 508 libri
1006 450 1078 509 fides

58 544 118 600 est:
152 533 316 611 γεινώεκω
344 556 383 596 an
409 532 574 609 γιγνώεκω
603 539 736 596 exstaret
759 540 790 597 et
812 538 934 596 librario
959 541 990 597 et
1014 556 1078 597 cor-

57 627 173 689 rectori
198 625 325 702 perinde
353 625 426 700 fuit,
453 644 550 701 neque
574 620 685 686 εἴωθε(
709 618 757 704 (4,
777 619 834 707 20)
857 627 906 686 vel
928 628 1008 686 huno
1030 628 1079 686 vel

57 719 149 776 illum
172 714 306 776 offendit.
347 713 438 774 Valet
456 714 536 774 idem
554 714 590 774 de
609 715 773 775 Revillouti
791 715 877 793 libro,
900 734 918 774 a
937 735 995 794 quo
1018 736 1077 776 non

58 805 159 885 magis
173 804 275 864 aliena
288 797 426 875 γείνεται
442 806 473 862 et
487 797 715 876 ἀναγινώεκειν
730 809 760 863 et
774 800 978 879 ἐπίλημπτοε.
1008 806 1079 864 Alio

59 894 171 955 menda
194 895 303 969 aperta
324 911 421 969 neque
445 897 580 952 correcta
602 894 653 953 vix
672 897 742 952 sunt
759 895 848 970 pluro
868 887 999 975 (ratione
1018 914 1078 954 cm-

58 985 142 1044 bitus
165 976 290 1058 habita)
313 981 345 1039 in
368 973 410 1040 Α2
434 999 523 1058 quam
546 980 578 1039 in
601 975 655 1042 A¹z
690 998 839 1057 ωεειετην
866 1003 920 1059 pro
948 979 992 1044 ὡς
1019 982 1078 1059 τὴν

62 1067 153 1156 (fort.
177 1062 365 1151 correctum)
391 1072 501 1148 2,13;
530 1066 633 1130 Μίδα(
657 1091 711 1147 pro
736 1067 843 1132 Μίδαν
868 1077 901 1145 2,
922 1075 973 1150 26,
997 1091 1076 1149 πρα·

59 1155 226 1240 γματ[ι]ον
248 1178 304 1236 pro
328 1160 545 1234 γραμματεῖον
570 1161 602 1235 3,
623 1163 664 1220 27
690 1157 876 1236 (correctum
899 1182 936 1221 ex
963 1155 1077 1244 parte),

61 1247 196 1326 οἰόμεθα
224 1269 278 1325 pro
308 1243 396 1322 ὠιόμ.
422 1251 455 1323 5,
476 1250 516 1310 23
547 1244 613 1328 (sed
641 1266 670 1308 01
699 1269 753 1325 pro
786 1267 824 1309 ωι
856 1270 916 1311 non
947 1253 1078 1311 multum

60 1342 163 1400 differt
186 1339 225 1398 ab
250 1355 355 1414 cipro
379 1332 431 1414 ηι),
455 1338 599 1398 omissum
623 1333 653 1398 oi
679 1341 782 1417 7,16,
806 1337 914 1413 μέλλει
936 1361 990 1416 pro
1015 1357 1077 1400 -ειν

62 1434 116 1507 11,
137 1432 172 1504 4,
205 1423 263 1487 τὰς
296 1430 327 1485 et
353 1427 424 1486 fort.
448 1421 528 1486 ibice
560 1446 614 1502 pro
647 1428 717 1487 scic
750 1423 841 1487 ἰδίαις
868 1431 922 1502 15,
942 1433 972 1489 2.
1018 1429 1078 1490 Sed

60 1519 186 1578 minime
210 1516 336 1576 dubium
360 1519 406 1575 est
429 1516 490 1574 alia
517 1535 635 1592 quoque
663 1516 759 1575 inesse
782 1535 843 1576 non
870 1518 958 1592 plane
981 1537 1079 1594 pauca

62 1613 91 1668 et
113 1609 148 1666 in
170 1597 213 1665 Α2
237 1608 268 1665 et
290 1604 323 1663 in
345 1597 399 1663 A¹z
422 1604 454 1662 id
477 1604 557 1680 quod
580 1604 748 1664 certissima
775 1604 906 1682 ratione,
937 1607 1016 1684 quod
1040 1607 1078 1666 ad

62 1699 142 1756 huno
169 1695 294 1772 attinet,
324 1693 480 1769 colligitur
507 1713 523 1752 e
550 1693 782 1752 Demosthenica
810 1694 941 1769 epistula
966 1695 1078 1754 ibidem

63 1788 215 1860 exstante,
249 1783 335 1842 cuius
367 1782 443 1842 alios
471 1784 565 1842 testes
594 1783 747 1842 babemus.
793 1782 861 1842 Etsi
890 1784 970 1842 enim
998 1783 1078 1843 inter

64 1875 211 1952 plurimas
235 1889 329 1932 novas
357 1871 516 1950 lectiones,
535 1891 609 1947 quas
633 1864 675 1930 A1
698 1872 835 1949 praebet,
859 1872 933 1932 mibi
956 1873 1077 1949 quidem

64 1963 187 2023 dimidia
205 1961 268 2020 fere
287 1980 358 2036 pars
376 1961 477 2021 verior
496 1980 560 2020 esse
578 1961 698 2021 videtur
715 1980 805 2038 quam
824 1981 876 2021 eae
894 1982 970 2041 quae
984 1982 1076 2022 mem·

63 2053 228 2113 branarum
252 2067 399 2110 consensu
420 2051 591 2126 traduntur,
615 2053 715 2110 tamen
735 2051 771 2109 de
790 2052 882 2111 tertia
903 2053 966 2113 fere
990 2055 1076 2128 parte

64 2141 251 2202 contrarium
283 2138 422 2214 dixerim,
455 2138 479 2200 Ι.
502 2138 541 2198 Η.
564 2139 684 2214 Lipsius
716 2143 818 2200 autem
851 2141 942 2201 etiam
974 2143 1076 2219 paullo

62 2229 192 2290 ulterius
221 2246 400 2306 progressus
431 2229 608 2287 mendorum
641 2249 800 2288 numerum
827 2231 986 2307 utrobique
1014 2233 1076 2290 fere

67 2338 168 2396 parem
194 2320 312 2377 exstare
336 2317 454 2376 statuit.
499 2314 608 2394 ltaque
635 2317 667 2375 in
689 2318 843 2395 Hyperide
866 2339 997 2397 quoque,
1025 2340 1076 2379 ne-

62 2427 120 2485 que
144 2406 245 2466 minus
268 2406 299 2464 in
317 2406 459 2482 Aquam
481 2406 513 2464 in
535 2407 669 2483 reliquis,
696 2407 886 2467 mendenen
908 2428 1004 2484 pauca
1027 2410 1075 2468 de·

62 2497 325 2572 prehenderemus,
344 2496 369 2554 si
388 2495 506 2554 adesset
524 2496 766 2555 membranarum
781 2497 934 2557 auxilium.
963 2498 1077 2557 Verum

63 2588 97 2645 ut
124 2603 174 2645 res
203 2588 264 2661 est,
293 2585 390 2643 latent
423 2584 588 2643 sumenda
620 2587 651 2644 et
682 2584 834 2662 latebunt,
864 2587 943 2646 sicut
971 2588 1076 2663 paucis

64 2674 194 2750 exceptis
222 2673 255 2732 in
282 2673 482 2732 Demosthene
516 2676 547 2732 et
578 2673 732 2733 latuerunt
763 2674 861 2734 adhuc
892 2678 922 2735 et
949 2677 1076 2736 latitura

63 2765 149 2823 erant
173 2781 209 2822 ea
233 2781 309 2838 quae
332 2762 493 2838 papyracei
512 2763 672 2822 voluminis
692 2783 746 2838 ope
771 2764 889 2823 detecta
912 2769 989 2825 sunt.
1035 2767 1076 2824 Et

64 2856 133 2912 sunt
156 2851 298 2928 graviora
324 2851 356 2908 in
381 2850 556 2911 universum
586 2852 659 2910 haec
687 2871 777 2928 quam
803 2854 870 2929 illa,
903 2855 939 2913 de
967 2855 1076 2930 quibus

63 2941 254 3001 membranae
277 2958 424 3016 papyrum
447 2942 636 2999 convincunt.

152 3025 245 3104 §22
282 3029 383 3088 Pauca
410 3029 519 3088 addere
546 3030 638 3089 liceat
670 3030 706 3089 de
737 3032 854 3092 ratione
887 3052 947 3110 qua
979 3033 1021 3090 la·
1059 3044 1146 3110 nonex-

65 3136 158 3178 cunae
196 3119 304 3176 horum
340 3116 485 3179 librorum
523 3120 684 3193 explendae
722 3121 790 3180 sint.
849 3097 1168 3199 Numquam¹³¹⁰ss¹ffi,¹³'

65 3207 128 3266 fere
153 3209 257 3266 exacto
280 3225 404 3266 numero
429 3207 498 3266 sciri
520 3210 630 3284 potest,
654 3213 727 3285 quot
749 3211 781 3268 in
800 3212 897 3286 spatio
920 3211 1022 3287 aliquo

66 3296 188 3355 litterae
221 3296 401 3372 exstiterint,
437 3296 486 3355 vel
521 3300 646 3372 propter
682 3299 910 3374 amplitudinem
947 3302 1076 3361 aliarum

67 3385 158 3443 aliam
180 3385 230 3444 vel
252 3386 377 3460 propter
400 3385 620 3461 inaequabilem
639 3388 832 3466 scripturam,
856 3390 908 3450 sed
931 3410 967 3450 ea
988 3391 1075 3450 liber-

67 3473 227 3549 tuscertis
255 3472 364 3533 finibus
392 3477 555 3536 coercetur.
602 3474 636 3536 Si
663 3477 700 3538 in
725 3478 830 3539 medio
855 3499 961 3541 uersu
975 3479 1108 3535 tauma
