<?xml version="1.0" encoding="UTF-8"?>
<!DOCTYPE html PUBLIC "-//W3C//DTD XHTML 1.0 Transitional//EN"
    "http://www.w3.org/TR/xhtml1/DTD/xhtml1-transitional.dtd">
<html xmlns="http://www.w3.org/1999/xhtml" xml:lang="en" lang="en">
 <head>
  <title>
</title>
<meta http-equiv="Content-Type" content="text/html;charset=utf-8" />
  <meta name='ocr-system' content='tesseract 3.04.00' />
  <meta name='ocr-capabilities' content='ocr_page ocr_carea ocr_par ocr_line ocrx_word'/>
</head>
<body>
  <div class='ocr_page' id='page_1' title='image "./orationessexcum00hypegoog_0026.png"; bbox 0 0 2392 3840; ppageno 0'>
   <div class='ocr_carea' id='block_1_1' title="bbox 540 89 1152 147">
    <p class='ocr_par' dir='ltr' id='par_1_1' title="bbox 540 89 1152 147">
     <span class='ocr_line' id='line_1_1' title="bbox 540 89 1152 147; baseline 0.005 -4"><span class='ocrx_word' id='word_1_1' title='bbox 540 89 746 145; x_wconf 76' lang='lat' dir='ltr'><strong>PRAEFATIO</strong></span> <span class='ocrx_word' id='word_1_2' title='bbox 1087 91 1152 147; x_wconf 88' lang='lat' dir='ltr'>XXI</span> 
     </span>
    </p>
   </div>
   <div class='ocr_carea' id='block_1_2' title="bbox 24 238 1156 320">
    <p class='ocr_par' dir='ltr' id='par_1_2' title="bbox 24 238 1156 320">
     <span class='ocr_line' id='line_1_2' title="bbox 24 238 1156 320; baseline -0.003 -17"><span class='ocrx_word' id='word_1_3' title='bbox 24 238 28 245; x_wconf 77' lang='lat'>&#39;</span> <span class='ocrx_word' id='word_1_4' title='bbox 135 241 240 319; x_wconf 79' lang='lat' dir='ltr'>perias</span> <span class='ocrx_word' id='word_1_5' title='bbox 259 241 400 320; x_wconf 79' lang='lat' dir='ltr'>attingit3</span> <span class='ocrx_word' id='word_1_6' title='bbox 422 241 502 301; x_wconf 92' lang='lat' dir='ltr'>idem</span> <span class='ocrx_word' id='word_1_7' title='bbox 520 241 583 302; x_wconf 87' lang='lat' dir='ltr'>fere</span> <span class='ocrx_word' id='word_1_8' title='bbox 601 241 636 301; x_wconf 90' lang='lat' dir='ltr'>fit</span> <span class='ocrx_word' id='word_1_9' title='bbox 654 243 686 301; x_wconf 92' lang='lat' dir='ltr'>in</span> <span class='ocrx_word' id='word_1_10' title='bbox 711 241 736 316; x_wconf 89' lang='grc' dir='ltr'>β.</span> <span class='ocrx_word' id='word_1_11' title='bbox 774 243 833 303; x_wconf 82' lang='lat' dir='ltr'>Sed</span> <span class='ocrx_word' id='word_1_12' title='bbox 856 245 914 303; x_wconf 92' lang='lat' dir='ltr'>hoc</span> <span class='ocrx_word' id='word_1_13' title='bbox 937 260 958 303; x_wconf 88' lang='lat' dir='ltr'>u</span> <span class='ocrx_word' id='word_1_14' title='bbox 981 245 1012 302; x_wconf 92' lang='lat' dir='ltr'>et</span> <span class='ocrx_word' id='word_1_15' title='bbox 1037 243 1054 318; x_wconf 89' lang='grc' dir='ltr'><strong>β</strong></span> <span class='ocrx_word' id='word_1_16' title='bbox 1076 241 1156 303; x_wconf 90' lang='lat' dir='ltr'>inter</span> 
     </span>
    </p>
   </div>
   <div class='ocr_carea' id='block_1_3' title="bbox 9 316 1155 410">
    <p class='ocr_par' dir='ltr' id='par_1_3' title="bbox 9 316 1155 410">
     <span class='ocr_line' id='line_1_3' title="bbox 9 316 1155 410; baseline -0.001 -18"><span class='ocrx_word' id='word_1_17' title='bbox 9 316 10 324; x_wconf 31' lang='lat'>¹</span> <span class='ocrx_word' id='word_1_18' title='bbox 135 351 168 392; x_wconf 90' lang='lat' dir='ltr'>se</span> <span class='ocrx_word' id='word_1_19' title='bbox 196 331 325 390; x_wconf 84' lang='lat' dir='ltr'>maxime</span> <span class='ocrx_word' id='word_1_20' title='bbox 354 330 481 408; x_wconf 85' lang='lat' dir='ltr'>distent,</span> <span class='ocrx_word' id='word_1_21' title='bbox 508 331 588 407; x_wconf 91' lang='lat' dir='ltr'>quod</span> <span class='ocrx_word' id='word_1_22' title='bbox 615 331 647 390; x_wconf 89' lang='lat' dir='ltr'>in</span> <span class='ocrx_word' id='word_1_23' title='bbox 669 331 823 410; x_wconf 82' lang='lat' dir='ltr'>Hyperide</span> <span class='ocrx_word' id='word_1_24' title='bbox 849 333 1010 410; x_wconf 79' lang='lat' dir='ltr'>pleraeque</span> <span class='ocrx_word' id='word_1_25' title='bbox 1035 331 1155 391; x_wconf 75' lang='lat' dir='ltr'>litterae</span> 
     </span>
    </p>
   </div>
   <div class='ocr_carea' id='block_1_4' title="bbox 135 419 1155 498">
    <p class='ocr_par' dir='ltr' id='par_1_4' title="bbox 135 419 1155 498">
     <span class='ocr_line' id='line_1_4' title="bbox 135 419 1155 498; baseline 0 -18"><span class='ocrx_word' id='word_1_26' title='bbox 135 421 243 480; x_wconf 85' lang='lat' dir='ltr'>eadem</span> <span class='ocrx_word' id='word_1_27' title='bbox 275 421 338 480; x_wconf 86' lang='lat' dir='ltr'>fere</span> <span class='ocrx_word' id='word_1_28' title='bbox 371 423 443 480; x_wconf 89' lang='lat' dir='ltr'>sunt</span> <span class='ocrx_word' id='word_1_29' title='bbox 474 419 694 498; x_wconf 69' lang='lat' dir='ltr'>magnitudine,</span> <span class='ocrx_word' id='word_1_30' title='bbox 729 422 789 481; x_wconf 92' lang='lat' dir='ltr'>nisi</span> <span class='ocrx_word' id='word_1_31' title='bbox 822 421 901 498; x_wconf 92' lang='lat' dir='ltr'>quod</span> <span class='ocrx_word' id='word_1_32' title='bbox 932 422 964 480; x_wconf 90' lang='lat' dir='ltr'>in</span> <span class='ocrx_word' id='word_1_33' title='bbox 995 423 1155 496; x_wconf 91' lang='lat' dir='ltr'>utramque</span> 
     </span>
    </p>
   </div>
   <div class='ocr_carea' id='block_1_5' title="bbox 18 506 1156 678">
    <p class='ocr_par' dir='ltr' id='par_1_5' title="bbox 18 506 1156 678">
     <span class='ocr_line' id='line_1_5' title="bbox 20 506 1155 588; baseline -0.002 -18"><span class='ocrx_word' id='word_1_34' title='bbox 20 544 28 553; x_wconf 94' lang='lat'>·</span> <span class='ocrx_word' id='word_1_35' title='bbox 132 513 256 588; x_wconf 79' lang='lat' dir='ltr'>partem</span> <span class='ocrx_word' id='word_1_36' title='bbox 273 508 472 587; x_wconf 84' lang='lat' dir='ltr'>porriguntur</span> <span class='ocrx_word' id='word_1_37' title='bbox 489 506 518 570; x_wconf 92' lang='grc' dir='ltr'>Φ</span> <span class='ocrx_word' id='word_1_38' title='bbox 538 514 568 569; x_wconf 89' lang='lat' dir='ltr'>et</span> <span class='ocrx_word' id='word_1_39' title='bbox 587 506 625 586; x_wconf 84' lang='grc' dir='ltr'>Ψ,</span> <span class='ocrx_word' id='word_1_40' title='bbox 648 509 679 568; x_wconf 88' lang='lat' dir='ltr'>in</span> <span class='ocrx_word' id='word_1_41' title='bbox 702 510 874 571; x_wconf 89' lang='lat' dir='ltr'>inferiorem</span> <span class='ocrx_word' id='word_1_42' title='bbox 895 508 918 571; x_wconf 94' lang='grc' dir='ltr'>Ρ</span> <span class='ocrx_word' id='word_1_43' title='bbox 937 514 968 570; x_wconf 90' lang='lat' dir='ltr'>et</span> <span class='ocrx_word' id='word_1_44' title='bbox 988 506 1024 585; x_wconf 71' lang='grc' dir='ltr'>Β,</span> <span class='ocrx_word' id='word_1_45' title='bbox 1048 512 1155 569; x_wconf 88' lang='lat' dir='ltr'>contra</span> 
     </span>
     <span class='ocr_line' id='line_1_6' title="bbox 18 597 1156 678; baseline -0.003 -19"><span class='ocrx_word' id='word_1_46' title='bbox 18 612 24 643; x_wconf 85' lang='lat'>&#39;·</span> <span class='ocrx_word' id='word_1_47' title='bbox 134 601 169 659; x_wconf 90' lang='lat' dir='ltr'>in</span> <span class='ocrx_word' id='word_1_48' title='bbox 183 599 388 658; x_wconf 79' lang='lat' dir='ltr'>Demosthene</span> <span class='ocrx_word' id='word_1_49' title='bbox 406 597 484 657; x_wconf 90' lang='lat' dir='ltr'>mira</span> <span class='ocrx_word' id='word_1_50' title='bbox 502 601 549 658; x_wconf 89' lang='lat' dir='ltr'>est</span> <span class='ocrx_word' id='word_1_51' title='bbox 566 598 739 658; x_wconf 89' lang='lat' dir='ltr'>litterarum</span> <span class='ocrx_word' id='word_1_52' title='bbox 757 600 966 678; x_wconf 86' lang='lat' dir='ltr'>inaequalitas.</span> <span class='ocrx_word' id='word_1_53' title='bbox 993 599 1156 656; x_wconf 86' lang='lat' dir='ltr'>Praeterea</span> 
     </span>
    </p>
   </div>
   <div class='ocr_carea' id='block_1_6' title="bbox 135 679 1155 768">
    <p class='ocr_par' dir='ltr' id='par_1_6' title="bbox 135 679 1155 768">
     <span class='ocr_line' id='line_1_7' title="bbox 135 679 1155 768; baseline -0.006 -19"><span class='ocrx_word' id='word_1_54' title='bbox 135 687 319 764; x_wconf 77' lang='lat' dir='ltr'>notandum,</span> <span class='ocrx_word' id='word_1_55' title='bbox 338 687 419 763; x_wconf 89' lang='lat' dir='ltr'>quod</span> <span class='ocrx_word' id='word_1_56' title='bbox 440 704 548 746; x_wconf 89' lang='lat' dir='ltr'>manus</span> <span class='ocrx_word' id='word_1_57' title='bbox 572 703 592 746; x_wconf 88' lang='grc' dir='ltr'><strong>α</strong></span> <span class='ocrx_word' id='word_1_58' title='bbox 615 688 726 748; x_wconf 88' lang='lat' dir='ltr'>litteris</span> <span class='ocrx_word' id='word_1_59' title='bbox 751 685 780 768; x_wconf 89' lang='grc' dir='ltr'>Γ,</span> <span class='ocrx_word' id='word_1_60' title='bbox 803 686 849 766; x_wconf 94' lang='grc' dir='ltr'>Π,</span> <span class='ocrx_word' id='word_1_61' title='bbox 873 686 905 767; x_wconf 91' lang='grc' dir='ltr'>Ρ,</span> <span class='ocrx_word' id='word_1_62' title='bbox 928 685 963 763; x_wconf 90' lang='grc' dir='ltr'>Τ,</span> <span class='ocrx_word' id='word_1_63' title='bbox 987 679 1044 768; x_wconf 89' lang='grc' dir='ltr'>(Ν)</span> <span class='ocrx_word' id='word_1_64' title='bbox 1069 686 1155 744; x_wconf 85' lang='lat' dir='ltr'>addit</span> 
     </span>
    </p>
   </div>
   <div class='ocr_carea' id='block_1_7' title="bbox 8 774 1156 961">
    <p class='ocr_par' dir='ltr' id='par_1_7' title="bbox 8 774 1156 961">
     <span class='ocr_line' id='line_1_8' title="bbox 8 774 1154 856; baseline -0.003 -18"><span class='ocrx_word' id='word_1_65' title='bbox 8 814 14 827; x_wconf 87' lang='lat'><strong>·</strong></span> <span class='ocrx_word' id='word_1_66' title='bbox 134 777 220 838; x_wconf 80' lang='lat' dir='ltr'>infra</span> <span class='ocrx_word' id='word_1_67' title='bbox 241 777 351 836; x_wconf 89' lang='lat' dir='ltr'>ductus</span> <span class='ocrx_word' id='word_1_68' title='bbox 375 774 582 836; x_wconf 85' lang='lat' dir='ltr'>sinistrorsum</span> <span class='ocrx_word' id='word_1_69' title='bbox 605 783 767 853; x_wconf 87' lang='lat' dir='ltr'>porrectos,</span> <span class='ocrx_word' id='word_1_70' title='bbox 790 778 918 838; x_wconf 84' lang='lat' dir='ltr'>maxime</span> <span class='ocrx_word' id='word_1_71' title='bbox 941 778 1064 856; x_wconf 88' lang='lat' dir='ltr'>quidem</span> <span class='ocrx_word' id='word_1_72' title='bbox 1086 794 1154 835; x_wconf 88' lang='lat' dir='ltr'>con-</span> 
     </span>
     <span class='ocr_line' id='line_1_9' title="bbox 9 864 1156 961; baseline -0.003 -34"><span class='ocrx_word' id='word_1_73' title='bbox 9 891 14 961; x_wconf 62' lang='lat' dir='ltr'>j</span> <span class='ocrx_word' id='word_1_74' title='bbox 135 866 259 943; x_wconf 89' lang='lat' dir='ltr'>spicuos</span> <span class='ocrx_word' id='word_1_75' title='bbox 282 865 314 924; x_wconf 92' lang='lat' dir='ltr'>in</span> <span class='ocrx_word' id='word_1_76' title='bbox 336 864 484 940; x_wconf 88' lang='lat' dir='ltr'>principio</span> <span class='ocrx_word' id='word_1_77' title='bbox 508 883 664 945; x_wconf 80' lang='lat' dir='ltr'>versuum3</span> <span class='ocrx_word' id='word_1_78' title='bbox 691 868 766 930; x_wconf 35' lang='lat' dir='ltr'>tom}</span> <span class='ocrx_word' id='word_1_79' title='bbox 780 868 860 944; x_wconf 91' lang='lat' dir='ltr'>quod</span> <span class='ocrx_word' id='word_1_80' title='bbox 883 885 975 943; x_wconf 87' lang='lat' dir='ltr'>supra</span> <span class='ocrx_word' id='word_1_81' title='bbox 1003 864 1156 925; x_wconf 87' lang='lat' dir='ltr'>adduntur</span> 
     </span>
    </p>
   </div>
   <div class='ocr_carea' id='block_1_8' title="bbox 135 948 1156 1032">
    <p class='ocr_par' dir='ltr' id='par_1_8' title="bbox 135 948 1156 1032">
     <span class='ocr_line' id='line_1_10' title="bbox 135 948 1156 1032; baseline -0.002 -17"><span class='ocrx_word' id='word_1_82' title='bbox 135 956 248 1015; x_wconf 86' lang='lat' dir='ltr'>ductus</span> <span class='ocrx_word' id='word_1_83' title='bbox 266 954 457 1014; x_wconf 84' lang='lat' dir='ltr'>dextrorsum</span> <span class='ocrx_word' id='word_1_84' title='bbox 473 954 605 1030; x_wconf 89' lang='lat' dir='ltr'>porrecti</span> <span class='ocrx_word' id='word_1_85' title='bbox 623 955 671 1014; x_wconf 92' lang='lat' dir='ltr'>his</span> <span class='ocrx_word' id='word_1_86' title='bbox 689 956 814 1016; x_wconf 84' lang='lat' dir='ltr'>litteris:</span> <span class='ocrx_word' id='word_1_87' title='bbox 839 954 871 1032; x_wconf 89' lang='grc' dir='ltr'>Κ,</span> <span class='ocrx_word' id='word_1_88' title='bbox 891 954 934 1027; x_wconf 85' lang='grc' dir='ltr'>Μ,</span> <span class='ocrx_word' id='word_1_89' title='bbox 953 953 988 1027; x_wconf 96' lang='grc' dir='ltr'>Ν,</span> <span class='ocrx_word' id='word_1_90' title='bbox 1008 952 1043 1031; x_wconf 92' lang='grc' dir='ltr'>Ο,</span> <span class='ocrx_word' id='word_1_91' title='bbox 1062 951 1100 1031; x_wconf 91' lang='grc' dir='ltr'>Υ,</span> <span class='ocrx_word' id='word_1_92' title='bbox 1120 948 1156 1030; x_wconf 90' lang='grc' dir='ltr'>Ω,</span> 
     </span>
    </p>
   </div>
   <div class='ocr_carea' id='block_1_9' title="bbox 8 1042 1155 1123">
    <p class='ocr_par' dir='ltr' id='par_1_9' title="bbox 8 1042 1155 1123">
     <span class='ocr_line' id='line_1_11' title="bbox 8 1042 1155 1123; baseline -0.002 -19"><span class='ocrx_word' id='word_1_93' title='bbox 8 1086 12 1093; x_wconf 82' lang='lat'><em>-</em></span> <span class='ocrx_word' id='word_1_94' title='bbox 135 1044 252 1123; x_wconf 87' lang='lat' dir='ltr'>quibus</span> <span class='ocrx_word' id='word_1_95' title='bbox 271 1043 412 1102; x_wconf 86' lang='lat' dir='ltr'>ductibus</span> <span class='ocrx_word' id='word_1_96' title='bbox 434 1042 470 1102; x_wconf 89' lang='lat' dir='ltr'>fit</span> <span class='ocrx_word' id='word_1_97' title='bbox 488 1043 642 1121; x_wconf 87' lang='lat' dir='ltr'>colligatio</span> <span class='ocrx_word' id='word_1_98' title='bbox 665 1063 734 1104; x_wconf 91' lang='lat' dir='ltr'>cum</span> <span class='ocrx_word' id='word_1_99' title='bbox 757 1045 900 1121; x_wconf 84' lang='lat' dir='ltr'>proximis</span> <span class='ocrx_word' id='word_1_100' title='bbox 924 1045 1044 1120; x_wconf 83' lang='lat' dir='ltr'>litteris,</span> <span class='ocrx_word' id='word_1_101' title='bbox 1068 1043 1155 1104; x_wconf 88' lang='lat' dir='ltr'>clari·</span> 
     </span>
    </p>
   </div>
   <div class='ocr_carea' id='block_1_10' title="bbox 134 1132 1174 3351">
    <p class='ocr_par' dir='ltr' id='par_1_10' title="bbox 134 1132 1174 3351">
     <span class='ocr_line' id='line_1_12' title="bbox 134 1132 1156 1208; baseline -0.003 -14"><span class='ocrx_word' id='word_1_102' title='bbox 134 1133 198 1194; x_wconf 83' lang='lat' dir='ltr'>tati</span> <span class='ocrx_word' id='word_1_103' title='bbox 217 1132 386 1208; x_wconf 79' lang='lat' dir='ltr'>scripturae</span> <span class='ocrx_word' id='word_1_104' title='bbox 405 1132 557 1191; x_wconf 89' lang='lat' dir='ltr'>interdum</span> <span class='ocrx_word' id='word_1_105' title='bbox 575 1133 663 1192; x_wconf 83' lang='lat' dir='ltr'>valde</span> <span class='ocrx_word' id='word_1_106' title='bbox 682 1134 823 1194; x_wconf 88' lang='lat' dir='ltr'>officiens.</span> <span class='ocrx_word' id='word_1_107' title='bbox 861 1134 938 1194; x_wconf 83' lang='lat' dir='ltr'>Sunt</span> <span class='ocrx_word' id='word_1_108' title='bbox 956 1138 1058 1194; x_wconf 89' lang='lat' dir='ltr'>autem</span> <span class='ocrx_word' id='word_1_109' title='bbox 1081 1134 1156 1191; x_wconf 89' lang='lat' dir='ltr'>haee</span> 
     </span>
     <span class='ocr_line' id='line_1_13' title="bbox 136 1219 1156 1302; baseline -0.002 -20"><span class='ocrx_word' id='word_1_110' title='bbox 136 1240 216 1282; x_wconf 92' lang='lat' dir='ltr'>nea</span> <span class='ocrx_word' id='word_1_111' title='bbox 235 1222 253 1297; x_wconf 93' lang='grc' dir='ltr'>β</span> <span class='ocrx_word' id='word_1_112' title='bbox 272 1221 393 1298; x_wconf 90' lang='lat' dir='ltr'>quidem</span> <span class='ocrx_word' id='word_1_113' title='bbox 413 1220 521 1281; x_wconf 90' lang='lat' dir='ltr'>aliena.</span> <span class='ocrx_word' id='word_1_114' title='bbox 537 1253 575 1262; x_wconf 90' lang='lat'>-</span> <span class='ocrx_word' id='word_1_115' title='bbox 595 1219 757 1283; x_wconf 82' lang='lat' dir='ltr'>Columnae</span> <span class='ocrx_word' id='word_1_116' title='bbox 777 1224 840 1284; x_wconf 85' lang='lat' dir='ltr'>sire</span> <span class='ocrx_word' id='word_1_117' title='bbox 857 1223 986 1302; x_wconf 82' lang='lat' dir='ltr'>paginae</span> <span class='ocrx_word' id='word_1_118' title='bbox 1004 1223 1036 1282; x_wconf 92' lang='lat' dir='ltr'>in</span> <span class='ocrx_word' id='word_1_119' title='bbox 1053 1221 1156 1299; x_wconf 87' lang='lat' dir='ltr'>Hype-</span> 
     </span>
     <span class='ocr_line' id='line_1_14' title="bbox 138 1309 1156 1390; baseline -0.002 -19"><span class='ocrx_word' id='word_1_120' title='bbox 138 1311 207 1372; x_wconf 89' lang='lat' dir='ltr'>ride</span> <span class='ocrx_word' id='word_1_121' title='bbox 228 1309 418 1388; x_wconf 84' lang='lat' dir='ltr'>angustiores</span> <span class='ocrx_word' id='word_1_122' title='bbox 438 1310 509 1370; x_wconf 84' lang='lat' dir='ltr'>sunt</span> <span class='ocrx_word' id='word_1_123' title='bbox 527 1330 617 1388; x_wconf 92' lang='lat' dir='ltr'>quam</span> <span class='ocrx_word' id='word_1_124' title='bbox 636 1312 667 1370; x_wconf 92' lang='lat' dir='ltr'>in</span> <span class='ocrx_word' id='word_1_125' title='bbox 680 1312 896 1390; x_wconf 85' lang='lat' dir='ltr'>Demosthene3</span> <span class='ocrx_word' id='word_1_126' title='bbox 919 1311 1075 1373; x_wconf 81' lang='lat' dir='ltr'>continent</span> <span class='ocrx_word' id='word_1_127' title='bbox 1092 1311 1156 1370; x_wconf 88' lang='lat' dir='ltr'>illie</span> 
     </span>
     <span class='ocr_line' id='line_1_15' title="bbox 136 1399 1156 1479; baseline -0.001 -19"><span class='ocrx_word' id='word_1_128' title='bbox 136 1419 247 1461; x_wconf 81' lang='lat' dir='ltr'>versus</span> <span class='ocrx_word' id='word_1_129' title='bbox 274 1400 393 1459; x_wconf 86' lang='lat' dir='ltr'>litteras</span> <span class='ocrx_word' id='word_1_130' title='bbox 416 1418 486 1459; x_wconf 88' lang='lat' dir='ltr'>raro</span> <span class='ocrx_word' id='word_1_131' title='bbox 509 1399 609 1459; x_wconf 90' lang='lat' dir='ltr'>minus</span> <span class='ocrx_word' id='word_1_132' title='bbox 632 1420 722 1477; x_wconf 89' lang='lat' dir='ltr'>quam</span> <span class='ocrx_word' id='word_1_133' title='bbox 744 1400 830 1479; x_wconf 90' lang='lat' dir='ltr'>XVI,</span> <span class='ocrx_word' id='word_1_134' title='bbox 857 1421 953 1478; x_wconf 92' lang='lat' dir='ltr'>neque</span> <span class='ocrx_word' id='word_1_135' title='bbox 978 1419 1064 1476; x_wconf 85' lang='lat' dir='ltr'>saepe</span> <span class='ocrx_word' id='word_1_136' title='bbox 1086 1401 1156 1476; x_wconf 91' lang='lat' dir='ltr'>plus</span> 
     </span>
     <span class='ocr_line' id='line_1_16' title="bbox 137 1487 1156 1568; baseline -0.001 -20"><span class='ocrx_word' id='word_1_137' title='bbox 137 1507 232 1568; x_wconf 82' lang='lat' dir='ltr'>quem</span> <span class='ocrx_word' id='word_1_138' title='bbox 250 1488 322 1548; x_wconf 89' lang='lat' dir='ltr'>XIX</span> <span class='ocrx_word' id='word_1_139' title='bbox 340 1488 389 1548; x_wconf 82' lang='lat' dir='ltr'>vel</span> <span class='ocrx_word' id='word_1_140' title='bbox 408 1488 470 1548; x_wconf 89' lang='lat' dir='ltr'>XX.</span> <span class='ocrx_word' id='word_1_141' title='bbox 504 1487 668 1548; x_wconf 81' lang='lat' dir='ltr'>Columnae</span> <span class='ocrx_word' id='word_1_142' title='bbox 687 1509 793 1551; x_wconf 81' lang='lat' dir='ltr'>versus</span> <span class='ocrx_word' id='word_1_143' title='bbox 811 1491 924 1550; x_wconf 90' lang='lat' dir='ltr'>habent</span> <span class='ocrx_word' id='word_1_144' title='bbox 942 1509 1038 1567; x_wconf 92' lang='lat' dir='ltr'>neque</span> <span class='ocrx_word' id='word_1_145' title='bbox 1056 1490 1156 1547; x_wconf 88' lang='lat' dir='ltr'>minus</span> 
     </span>
     <span class='ocr_line' id='line_1_17' title="bbox 136 1577 1157 1654; baseline -0.002 -16"><span class='ocrx_word' id='word_1_146' title='bbox 136 1577 241 1638; x_wconf 89' lang='lat' dir='ltr'>XXVI</span> <span class='ocrx_word' id='word_1_147' title='bbox 267 1596 366 1653; x_wconf 86' lang='lat' dir='ltr'>neque</span> <span class='ocrx_word' id='word_1_148' title='bbox 392 1578 462 1653; x_wconf 89' lang='lat' dir='ltr'>plus</span> <span class='ocrx_word' id='word_1_149' title='bbox 490 1577 627 1636; x_wconf 89' lang='lat' dir='ltr'>XXVIII.</span> <span class='ocrx_word' id='word_1_150' title='bbox 675 1578 858 1654; x_wconf 84' lang='lat' dir='ltr'>Compendia</span> <span class='ocrx_word' id='word_1_151' title='bbox 884 1578 970 1637; x_wconf 89' lang='lat' dir='ltr'>nulla</span> <span class='ocrx_word' id='word_1_152' title='bbox 1002 1581 1085 1654; x_wconf 78' lang='lat' dir='ltr'>sunt3</span> <span class='ocrx_word' id='word_1_153' title='bbox 1117 1578 1157 1636; x_wconf 91' lang='lat' dir='ltr'>ad</span> 
     </span>
     <span class='ocr_line' id='line_1_18' title="bbox 140 1659 1174 1746; baseline -0.003 -19"><span class='ocrx_word' id='word_1_154' title='bbox 140 1667 322 1744; x_wconf 88' lang='lat' dir='ltr'>explendum</span> <span class='ocrx_word' id='word_1_155' title='bbox 351 1666 483 1742; x_wconf 88' lang='lat' dir='ltr'>spatium</span> <span class='ocrx_word' id='word_1_156' title='bbox 509 1685 614 1726; x_wconf 85' lang='lat' dir='ltr'>versus</span> <span class='ocrx_word' id='word_1_157' title='bbox 642 1666 803 1726; x_wconf 90' lang='lat' dir='ltr'>adhibetur</span> <span class='ocrx_word' id='word_1_158' title='bbox 825 1668 874 1727; x_wconf 85' lang='lat' dir='ltr'>vel</span> <span class='ocrx_word' id='word_1_159' title='bbox 897 1663 925 1727; x_wconf 90' lang='lat'><strong><em>7</em></strong></span> <span class='ocrx_word' id='word_1_160' title='bbox 951 1669 1024 1726; x_wconf 89' lang='lat' dir='ltr'>nota</span> <span class='ocrx_word' id='word_1_161' title='bbox 1049 1659 1174 1746; x_wconf 87' lang='lat' dir='ltr'>(semel</span> 
     </span>
     <span class='ocr_line' id='line_1_19' title="bbox 138 1747 1155 1837; baseline -0.002 -22"><span class='ocrx_word' id='word_1_162' title='bbox 138 1757 305 1836; x_wconf 82' lang='lat' dir='ltr'>geminata,</span> <span class='ocrx_word' id='word_1_163' title='bbox 328 1755 421 1814; x_wconf 86' lang='lat' dir='ltr'>semel</span> <span class='ocrx_word' id='word_1_164' title='bbox 438 1756 558 1831; x_wconf 89' lang='lat' dir='ltr'>punctis</span> <span class='ocrx_word' id='word_1_165' title='bbox 577 1747 682 1837; x_wconf 86' lang='lat' dir='ltr'>aucta)</span> <span class='ocrx_word' id='word_1_166' title='bbox 704 1756 753 1816; x_wconf 83' lang='lat' dir='ltr'>vel</span> <span class='ocrx_word' id='word_1_167' title='bbox 775 1771 833 1833; x_wconf 74' lang='grc' dir='ltr'>ε,</span> <span class='ocrx_word' id='word_1_168' title='bbox 857 1756 910 1815; x_wconf 92' lang='lat' dir='ltr'>sed</span> <span class='ocrx_word' id='word_1_169' title='bbox 931 1758 1040 1814; x_wconf 91' lang='lat' dir='ltr'>neutra</span> <span class='ocrx_word' id='word_1_170' title='bbox 1059 1773 1155 1831; x_wconf 91' lang='lat' dir='ltr'>saepe.</span> 
     </span>
     <span class='ocr_line' id='line_1_20' title="bbox 136 1842 1157 1923; baseline -0.005 -17"><span class='ocrx_word' id='word_1_171' title='bbox 136 1845 176 1906; x_wconf 88' lang='lat' dir='ltr'>In</span> <span class='ocrx_word' id='word_1_172' title='bbox 195 1843 371 1904; x_wconf 85' lang='lat' dir='ltr'>dirimendis</span> <span class='ocrx_word' id='word_1_173' title='bbox 389 1844 516 1922; x_wconf 85' lang='lat' dir='ltr'>syllabis</span> <span class='ocrx_word' id='word_1_174' title='bbox 535 1844 656 1904; x_wconf 86' lang='lat' dir='ltr'>eaedem</span> <span class='ocrx_word' id='word_1_175' title='bbox 675 1846 757 1923; x_wconf 84' lang='lat' dir='ltr'>leges</span> <span class='ocrx_word' id='word_1_176' title='bbox 781 1846 884 1905; x_wconf 88' lang='lat' dir='ltr'>valent</span> <span class='ocrx_word' id='word_1_177' title='bbox 902 1848 994 1921; x_wconf 88' lang='lat' dir='ltr'>atque</span> <span class='ocrx_word' id='word_1_178' title='bbox 1011 1845 1044 1903; x_wconf 91' lang='lat' dir='ltr'>in</span> <span class='ocrx_word' id='word_1_179' title='bbox 1061 1842 1157 1902; x_wconf 90' lang='lat' dir='ltr'>Arde-</span> 
     </span>
     <span class='ocr_line' id='line_1_21' title="bbox 138 1933 1158 2012; baseline -0.004 -17"><span class='ocrx_word' id='word_1_180' title='bbox 138 1935 232 1995; x_wconf 85' lang='lat' dir='ltr'>niano</span> <span class='ocrx_word' id='word_1_181' title='bbox 251 1935 414 2010; x_wconf 85' lang='lat' dir='ltr'>volumine,</span> <span class='ocrx_word' id='word_1_182' title='bbox 432 1933 491 1992; x_wconf 90' lang='lat' dir='ltr'>nisi</span> <span class='ocrx_word' id='word_1_183' title='bbox 511 1935 591 2010; x_wconf 91' lang='lat' dir='ltr'>quod</span> <span class='ocrx_word' id='word_1_184' title='bbox 609 1953 727 2010; x_wconf 85' lang='lat' dir='ltr'>semper·</span> <span class='ocrx_word' id='word_1_185' title='bbox 746 1952 762 1994; x_wconf 84' lang='lat' dir='ltr'>c</span> <span class='ocrx_word' id='word_1_186' title='bbox 781 1936 818 1995; x_wconf 88' lang='lat' dir='ltr'>eb</span> <span class='ocrx_word' id='word_1_187' title='bbox 837 1935 1013 2012; x_wconf 88' lang='lat' dir='ltr'>insequente</span> <span class='ocrx_word' id='word_1_188' title='bbox 1028 1951 1158 1993; x_wconf 88' lang='lat' dir='ltr'>consona</span> 
     </span>
     <span class='ocr_line' id='line_1_22' title="bbox 138 2013 1156 2107; baseline -0.001 -24"><span class='ocrx_word' id='word_1_189' title='bbox 138 2023 310 2099; x_wconf 76' lang='lat' dir='ltr'>divellitur3</span> <span class='ocrx_word' id='word_1_190' title='bbox 337 2022 471 2082; x_wconf 88' lang='lat' dir='ltr'>notanda</span> <span class='ocrx_word' id='word_1_191' title='bbox 498 2039 579 2097; x_wconf 83' lang='grc' dir='ltr'>προ(</span> <span class='ocrx_word' id='word_1_192' title='bbox 589 2021 657 2098; x_wconf 89' lang='grc' dir='ltr'>ήκει</span> <span class='ocrx_word' id='word_1_193' title='bbox 679 2015 725 2106; x_wconf 89' lang='grc'>(3,</span> <span class='ocrx_word' id='word_1_194' title='bbox 749 2016 784 2107; x_wconf 81' lang='lat'>2)</span> <span class='ocrx_word' id='word_1_195' title='bbox 813 2028 845 2084; x_wconf 90' lang='lat' dir='ltr'>et</span> <span class='ocrx_word' id='word_1_196' title='bbox 867 2016 1087 2107; x_wconf 77' lang='grc' dir='ltr'>ἀν)αιρεθεῖεαι</span> <span class='ocrx_word' id='word_1_197' title='bbox 1112 2013 1156 2104; x_wconf 84' lang='grc'>(5,</span> 
     </span>
     <span class='ocr_line' id='line_1_23' title="bbox 140 2103 1157 2194; baseline -0.003 -21"><span class='ocrx_word' id='word_1_198' title='bbox 140 2105 208 2194; x_wconf 88' lang='grc'>14),</span> <span class='ocrx_word' id='word_1_199' title='bbox 233 2117 300 2171; x_wconf 86' lang='lat' dir='ltr'>tum</span> <span class='ocrx_word' id='word_1_200' title='bbox 319 2103 477 2193; x_wconf 72' lang='grc' dir='ltr'>οὐΙΚᾶξιον</span> <span class='ocrx_word' id='word_1_201' title='bbox 497 2104 541 2191; x_wconf 87' lang='grc'>(7,</span> <span class='ocrx_word' id='word_1_202' title='bbox 561 2114 580 2172; x_wconf 88' lang='grc'>8</span> <span class='ocrx_word' id='word_1_203' title='bbox 615 2132 651 2172; x_wconf 84' lang='lat' dir='ltr'>ex</span> <span class='ocrx_word' id='word_1_204' title='bbox 668 2132 751 2173; x_wconf 90' lang='lat' dir='ltr'>more</span> <span class='ocrx_word' id='word_1_205' title='bbox 771 2113 925 2191; x_wconf 82' lang='lat' dir='ltr'>scriptum</span> <span class='ocrx_word' id='word_1_206' title='bbox 960 2114 1157 2185; x_wconf 77' lang='lat' dir='ltr'>Aeschinum,</span> 
     </span>
     <span class='ocr_line' id='line_1_24' title="bbox 140 2200 1157 2279; baseline -0.003 -17"><span class='ocrx_word' id='word_1_207' title='bbox 140 2201 312 2278; x_wconf 85' lang='lat' dir='ltr'>spirituum,</span> <span class='ocrx_word' id='word_1_208' title='bbox 335 2203 475 2260; x_wconf 87' lang='lat' dir='ltr'>notarum</span> <span class='ocrx_word' id='word_1_209' title='bbox 493 2202 601 2259; x_wconf 86' lang='lat' dir='ltr'>talium</span> <span class='ocrx_word' id='word_1_210' title='bbox 620 2203 709 2277; x_wconf 87' lang='lat' dir='ltr'>plane</span> <span class='ocrx_word' id='word_1_211' title='bbox 732 2203 809 2262; x_wconf 91' lang='lat' dir='ltr'>nihil</span> <span class='ocrx_word' id='word_1_212' title='bbox 832 2207 887 2263; x_wconf 88' lang='lat' dir='ltr'>est.</span> <span class='ocrx_word' id='word_1_213' title='bbox 919 2200 1157 2279; x_wconf 83' lang='lat' dir='ltr'>Interpungendi</span> 
     </span>
     <span class='ocr_line' id='line_1_25' title="bbox 140 2289 1156 2368; baseline -0.001 -18"><span class='ocrx_word' id='word_1_214' title='bbox 140 2291 220 2350; x_wconf 87' lang='lat' dir='ltr'>ratio</span> <span class='ocrx_word' id='word_1_215' title='bbox 252 2290 285 2348; x_wconf 92' lang='lat' dir='ltr'>in</span> <span class='ocrx_word' id='word_1_216' title='bbox 313 2289 487 2349; x_wconf 87' lang='lat' dir='ltr'>universum</span> <span class='ocrx_word' id='word_1_217' title='bbox 517 2289 621 2350; x_wconf 89' lang='lat' dir='ltr'>eadem</span> <span class='ocrx_word' id='word_1_218' title='bbox 651 2309 727 2368; x_wconf 84' lang='lat' dir='ltr'>quae</span> <span class='ocrx_word' id='word_1_219' title='bbox 754 2292 787 2350; x_wconf 91' lang='lat' dir='ltr'>in</span> <span class='ocrx_word' id='word_1_220' title='bbox 816 2292 969 2352; x_wconf 78' lang='lat' dir='ltr'>volumine</span> <span class='ocrx_word' id='word_1_221' title='bbox 996 2292 1038 2366; x_wconf 80' lang='lat' dir='ltr'>A3</span> <span class='ocrx_word' id='word_1_222' title='bbox 1070 2308 1156 2365; x_wconf 87' lang='lat' dir='ltr'>para·</span> 
     </span>
     <span class='ocr_line' id='line_1_26' title="bbox 140 2378 1157 2458; baseline -0.001 -20"><span class='ocrx_word' id='word_1_223' title='bbox 140 2379 252 2457; x_wconf 86' lang='lat' dir='ltr'>graphi</span> <span class='ocrx_word' id='word_1_224' title='bbox 279 2379 377 2438; x_wconf 88' lang='lat' dir='ltr'>forma</span> <span class='ocrx_word' id='word_1_225' title='bbox 408 2381 455 2438; x_wconf 89' lang='lat' dir='ltr'>est</span> <span class='ocrx_word' id='word_1_226' title='bbox 486 2379 639 2438; x_wconf 89' lang='lat' dir='ltr'>interdum</span> <span class='ocrx_word' id='word_1_227' title='bbox 670 2381 840 2458; x_wconf 86' lang='lat' dir='ltr'>rotundi0r,</span> <span class='ocrx_word' id='word_1_228' title='bbox 873 2382 952 2440; x_wconf 87' lang='lat' dir='ltr'>siout</span> <span class='ocrx_word' id='word_1_229' title='bbox 981 2398 1099 2455; x_wconf 86' lang='lat' dir='ltr'>semper</span> <span class='ocrx_word' id='word_1_230' title='bbox 1125 2378 1157 2437; x_wconf 88' lang='lat' dir='ltr'>in</span> 
     </span>
     <span class='ocr_line' id='line_1_27' title="bbox 140 2467 1158 2546; baseline -0.003 -18"><span class='ocrx_word' id='word_1_231' title='bbox 140 2467 360 2546; x_wconf 86' lang='lat' dir='ltr'>Demosthene;</span> <span class='ocrx_word' id='word_1_232' title='bbox 388 2468 520 2544; x_wconf 89' lang='lat' dir='ltr'>spatium</span> <span class='ocrx_word' id='word_1_233' title='bbox 542 2487 673 2529; x_wconf 85' lang='lat' dir='ltr'>vacuum</span> <span class='ocrx_word' id='word_1_234' title='bbox 696 2471 827 2546; x_wconf 87' lang='lat' dir='ltr'>amplius</span> <span class='ocrx_word' id='word_1_235' title='bbox 851 2488 940 2545; x_wconf 86' lang='lat' dir='ltr'>quam</span> <span class='ocrx_word' id='word_1_236' title='bbox 963 2469 995 2527; x_wconf 94' lang='lat' dir='ltr'>in</span> <span class='ocrx_word' id='word_1_237' title='bbox 1017 2469 1045 2526; x_wconf 89' lang='lat' dir='ltr'>A</span> <span class='ocrx_word' id='word_1_238' title='bbox 1068 2467 1158 2526; x_wconf 90' lang='lat' dir='ltr'>relin-</span> 
     </span>
     <span class='ocr_line' id='line_1_28' title="bbox 138 2557 1159 2636; baseline -0.003 -19"><span class='ocrx_word' id='word_1_239' title='bbox 138 2558 253 2635; x_wconf 89' lang='lat' dir='ltr'>quitur.</span> <span class='ocrx_word' id='word_1_240' title='bbox 300 2557 380 2616; x_wconf 87' lang='lat' dir='ltr'>Rarc</span> <span class='ocrx_word' id='word_1_241' title='bbox 411 2559 578 2616; x_wconf 89' lang='lat' dir='ltr'>correctum</span> <span class='ocrx_word' id='word_1_242' title='bbox 611 2560 672 2636; x_wconf 85' lang='lat' dir='ltr'>est,</span> <span class='ocrx_word' id='word_1_243' title='bbox 703 2558 749 2618; x_wconf 88' lang='lat' dir='ltr'>bis</span> <span class='ocrx_word' id='word_1_244' title='bbox 787 2558 907 2636; x_wconf 88' lang='lat' dir='ltr'>quidem</span> <span class='ocrx_word' id='word_1_245' title='bbox 942 2576 1035 2616; x_wconf 88' lang='lat' dir='ltr'>manu</span> <span class='ocrx_word' id='word_1_246' title='bbox 1067 2557 1159 2617; x_wconf 90' lang='lat' dir='ltr'>simili</span> 
     </span>
     <span class='ocr_line' id='line_1_29' title="bbox 137 2646 1158 2724; baseline -0.003 -17"><span class='ocrx_word' id='word_1_247' title='bbox 137 2665 246 2707; x_wconf 87' lang='lat' dir='ltr'>manue</span> <span class='ocrx_word' id='word_1_248' title='bbox 273 2646 291 2721; x_wconf 93' lang='grc' dir='ltr'>β</span> <span class='ocrx_word' id='word_1_249' title='bbox 319 2649 350 2705; x_wconf 90' lang='lat' dir='ltr'>et</span> <span class='ocrx_word' id='word_1_250' title='bbox 376 2646 504 2705; x_wconf 84' lang='lat' dir='ltr'>fortasse</span> <span class='ocrx_word' id='word_1_251' title='bbox 528 2646 633 2705; x_wconf 88' lang='lat' dir='ltr'>eadem</span> <span class='ocrx_word' id='word_1_252' title='bbox 659 2647 727 2723; x_wconf 82' lang='lat' dir='ltr'>hac,</span> <span class='ocrx_word' id='word_1_253' title='bbox 756 2666 832 2724; x_wconf 90' lang='lat' dir='ltr'>quae</span> <span class='ocrx_word' id='word_1_254' title='bbox 856 2648 946 2706; x_wconf 88' lang='lat' dir='ltr'>etiem</span> <span class='ocrx_word' id='word_1_255' title='bbox 970 2665 1059 2706; x_wconf 91' lang='lat' dir='ltr'>suum</span> <span class='ocrx_word' id='word_1_256' title='bbox 1082 2663 1158 2722; x_wconf 90' lang='lat' dir='ltr'>opus</span> 
     </span>
     <span class='ocr_line' id='line_1_30' title="bbox 137 2733 1158 2813; baseline -0.003 -17"><span class='ocrx_word' id='word_1_257' title='bbox 137 2737 206 2813; x_wconf 87' lang='lat' dir='ltr'>ipsa</span> <span class='ocrx_word' id='word_1_258' title='bbox 239 2735 377 2794; x_wconf 82' lang='lat' dir='ltr'>correxit.</span> <span class='ocrx_word' id='word_1_259' title='bbox 426 2733 515 2793; x_wconf 88' lang='lat' dir='ltr'>Addo</span> <span class='ocrx_word' id='word_1_260' title='bbox 547 2735 620 2794; x_wconf 89' lang='lat' dir='ltr'>haeo</span> <span class='ocrx_word' id='word_1_261' title='bbox 650 2736 889 2812; x_wconf 81' lang='lat' dir='ltr'>orthographica.</span> <span class='ocrx_word' id='word_1_262' title='bbox 940 2735 1008 2795; x_wconf 87' lang='lat' dir='ltr'>Iota</span> <span class='ocrx_word' id='word_1_263' title='bbox 1039 2741 1158 2794; x_wconf 89' lang='lat' dir='ltr'>mutum</span> 
     </span>
     <span class='ocr_line' id='line_1_31' title="bbox 141 2823 1158 2901; baseline -0.005 -15"><span class='ocrx_word' id='word_1_264' title='bbox 141 2823 264 2900; x_wconf 85' lang='lat' dir='ltr'>saepius</span> <span class='ocrx_word' id='word_1_265' title='bbox 286 2824 336 2885; x_wconf 79' lang='lat' dir='ltr'>vel</span> <span class='ocrx_word' id='word_1_266' title='bbox 356 2824 508 2883; x_wconf 85' lang='lat' dir='ltr'>omittitur</span> <span class='ocrx_word' id='word_1_267' title='bbox 525 2842 633 2899; x_wconf 86' lang='lat' dir='ltr'>parum</span> <span class='ocrx_word' id='word_1_268' title='bbox 655 2828 735 2885; x_wconf 86' lang='lat' dir='ltr'>recte</span> <span class='ocrx_word' id='word_1_269' title='bbox 759 2826 807 2886; x_wconf 83' lang='lat' dir='ltr'>vel</span> <span class='ocrx_word' id='word_1_270' title='bbox 826 2825 957 2884; x_wconf 88' lang='lat' dir='ltr'>additur.</span> <span class='ocrx_word' id='word_1_271' title='bbox 989 2825 1129 2901; x_wconf 82' lang='lat' dir='ltr'>Longum</span> <span class='ocrx_word' id='word_1_272' title='bbox 1148 2839 1158 2881; x_wconf 82' lang='lat'>1</span> 
     </span>
     <span class='ocr_line' id='line_1_32' title="bbox 138 2909 1157 2992; baseline -0.004 -19"><span class='ocrx_word' id='word_1_273' title='bbox 138 2915 322 2991; x_wconf 84' lang='lat' dir='ltr'>plerumque</span> <span class='ocrx_word' id='word_1_274' title='bbox 351 2909 382 2973; x_wconf 85' lang='grc' dir='ltr'>ΕΙ</span> <span class='ocrx_word' id='word_1_275' title='bbox 419 2912 574 2990; x_wconf 81' lang='lat' dir='ltr'>scribitur,</span> <span class='ocrx_word' id='word_1_276' title='bbox 608 2916 712 2990; x_wconf 85' lang='lat' dir='ltr'>estque</span> <span class='ocrx_word' id='word_1_277' title='bbox 745 2914 848 2992; x_wconf 86' lang='lat' dir='ltr'>aliqua</span> <span class='ocrx_word' id='word_1_278' title='bbox 879 2915 910 2972; x_wconf 92' lang='lat' dir='ltr'>in</span> <span class='ocrx_word' id='word_1_279' title='bbox 942 2914 998 2973; x_wconf 88' lang='lat' dir='ltr'>hac</span> <span class='ocrx_word' id='word_1_280' title='bbox 1029 2931 1063 2972; x_wconf 90' lang='lat' dir='ltr'>re</span> <span class='ocrx_word' id='word_1_281' title='bbox 1088 2930 1157 2972; x_wconf 88' lang='lat' dir='ltr'>con-</span> 
     </span>
     <span class='ocr_line' id='line_1_33' title="bbox 139 2993 1157 3085; baseline -0.004 -21"><span class='ocrx_word' id='word_1_282' title='bbox 139 3003 265 3077; x_wconf 86' lang='lat' dir='ltr'>stantia,</span> <span class='ocrx_word' id='word_1_283' title='bbox 283 3020 467 3078; x_wconf 84' lang='lat' dir='ltr'>quamquam</span> <span class='ocrx_word' id='word_1_284' title='bbox 486 3006 648 3062; x_wconf 87' lang='lat' dir='ltr'>occurrunt</span> <span class='ocrx_word' id='word_1_285' title='bbox 667 3003 759 3062; x_wconf 91' lang='lat' dir='ltr'>etiam</span> <span class='ocrx_word' id='word_1_286' title='bbox 777 3001 863 3076; x_wconf 82' lang='grc' dir='ltr'>λέγι(</span> <span class='ocrx_word' id='word_1_287' title='bbox 882 2993 999 3085; x_wconf 83' lang='grc'>(2,19)</span> <span class='ocrx_word' id='word_1_288' title='bbox 1019 3003 1051 3060; x_wconf 90' lang='lat' dir='ltr'>et</span> <span class='ocrx_word' id='word_1_289' title='bbox 1068 2997 1157 3061; x_wconf 87' lang='grc' dir='ltr'>ἐκῑνο</span> 
     </span>
     <span class='ocr_line' id='line_1_34' title="bbox 137 3083 1160 3175; baseline -0.004 -22"><span class='ocrx_word' id='word_1_290' title='bbox 137 3083 272 3175; x_wconf 82' lang='lat' dir='ltr'>(5‚1o).</span> <span class='ocrx_word' id='word_1_291' title='bbox 318 3091 391 3149; x_wconf 91' lang='lat' dir='ltr'>Pari</span> <span class='ocrx_word' id='word_1_292' title='bbox 417 3090 507 3151; x_wconf 92' lang='lat' dir='ltr'>modo</span> <span class='ocrx_word' id='word_1_293' title='bbox 535 3091 609 3150; x_wconf 87' lang='lat' dir='ltr'>haec</span> <span class='ocrx_word' id='word_1_294' title='bbox 640 3091 744 3151; x_wconf 87' lang='lat' dir='ltr'>scribit</span> <span class='ocrx_word' id='word_1_295' title='bbox 772 3112 879 3152; x_wconf 87' lang='lat' dir='ltr'>manus</span> <span class='ocrx_word' id='word_1_296' title='bbox 909 3084 972 3171; x_wconf 83' lang='grc' dir='ltr'>β.*)</span> <span class='ocrx_word' id='word_1_297' title='bbox 1019 3089 1096 3148; x_wconf 83' lang='lat' dir='ltr'>Tum</span> <span class='ocrx_word' id='word_1_298' title='bbox 1128 3094 1160 3149; x_wconf 89' lang='lat' dir='ltr'>et</span> 
     </span>
     <span class='ocr_line' id='line_1_35' title="bbox 139 3176 1160 3259; baseline -0.003 -18"><span class='ocrx_word' id='word_1_299' title='bbox 139 3176 333 3254; x_wconf 77' lang='grc' dir='ltr'>(υγγνώμην</span> <span class='ocrx_word' id='word_1_300' title='bbox 352 3182 398 3239; x_wconf 86' lang='lat' dir='ltr'>est</span> <span class='ocrx_word' id='word_1_301' title='bbox 417 3183 448 3239; x_wconf 89' lang='lat' dir='ltr'>et</span> <span class='ocrx_word' id='word_1_302' title='bbox 469 3177 673 3254; x_wconf 80' lang='grc' dir='ltr'>(υμφέροντα</span> <span class='ocrx_word' id='word_1_303' title='bbox 692 3181 812 3257; x_wconf 85' lang='lat' dir='ltr'>aliaque</span> <span class='ocrx_word' id='word_1_304' title='bbox 830 3182 861 3240; x_wconf 89' lang='lat' dir='ltr'>id</span> <span class='ocrx_word' id='word_1_305' title='bbox 880 3198 976 3259; x_wconf 83' lang='lat' dir='ltr'>genus</span> <span class='ocrx_word' id='word_1_306' title='bbox 995 3197 1063 3238; x_wconf 86' lang='lat' dir='ltr'>eum</span> <span class='ocrx_word' id='word_1_307' title='bbox 1087 3180 1160 3240; x_wconf 83' lang='lat' dir='ltr'>assi·</span> 
     </span>
     <span class='ocr_line' id='line_1_36' title="bbox 139 3263 1159 3351; baseline -0.003 -21"><span class='ocrx_word' id='word_1_308' title='bbox 139 3270 307 3346; x_wconf 84' lang='lat' dir='ltr'>milatione,</span> <span class='ocrx_word' id='word_1_309' title='bbox 332 3272 362 3327; x_wconf 93' lang='lat' dir='ltr'>et</span> <span class='ocrx_word' id='word_1_310' title='bbox 385 3269 477 3328; x_wconf 89' lang='lat' dir='ltr'>semel</span> <span class='ocrx_word' id='word_1_311' title='bbox 501 3268 592 3328; x_wconf 88' lang='lat' dir='ltr'>etiam</span> <span class='ocrx_word' id='word_1_312' title='bbox 616 3265 658 3343; x_wconf 88' lang='grc' dir='ltr'>ἂμ</span> <span class='ocrx_word' id='word_1_313' title='bbox 680 3268 721 3344; x_wconf 87' lang='grc' dir='ltr'>μὴ</span> <span class='ocrx_word' id='word_1_314' title='bbox 743 3263 878 3351; x_wconf 81' lang='grc'>(8,11);</span> <span class='ocrx_word' id='word_1_315' title='bbox 902 3272 935 3329; x_wconf 88' lang='lat' dir='ltr'>at</span> <span class='ocrx_word' id='word_1_316' title='bbox 960 3269 976 3344; x_wconf 89' lang='grc' dir='ltr'><strong>β</strong></span> <span class='ocrx_word' id='word_1_317' title='bbox 1000 3264 1159 3345; x_wconf 83' lang='grc' dir='ltr'>(υνβαίνει</span> 
     </span>
    </p>
   </div>
   <div class='ocr_carea' id='block_1_11' title="bbox 213 3455 479 3528">
    <p class='ocr_par' dir='ltr' id='par_1_11' title="bbox 213 3455 479 3528">
     <span class='ocr_line' id='line_1_37' title="bbox 213 3455 479 3528; baseline -0.008 -14"><span class='ocrx_word' id='word_1_318' title='bbox 213 3458 239 3528; x_wconf 75' lang='lat'>¹⁸)</span> <span class='ocrx_word' id='word_1_319' title='bbox 257 3456 299 3514; x_wconf 82' lang='lat' dir='ltr'>Cf.</span> <span class='ocrx_word' id='word_1_320' title='bbox 314 3455 388 3511; x_wconf 79' lang='lat' dir='ltr'>infra</span> <span class='ocrx_word' id='word_1_321' title='bbox 407 3463 421 3522; x_wconf 62' lang='grc' dir='ltr'>ὅ</span> <span class='ocrx_word' id='word_1_322' title='bbox 438 3461 479 3512; x_wconf 85' lang='grc'>18.</span> 
     </span>
    </p>
   </div>
   <div class='ocr_carea' id='block_1_12' title="bbox 0 0 1207 3840">
    <p class='ocr_par' dir='ltr' id='par_1_12' title="bbox 0 0 1207 3840">
     <span class='ocr_line' id='line_1_38' title="bbox 0 0 1207 3840; baseline 0 0"><span class='ocrx_word' id='word_1_323' title='bbox 0 0 1207 3840; x_wconf 95' lang='lat' dir='ltr'> </span> 
     </span>
    </p>
   </div>
  </div>
 </body>
</html>
