<?xml version="1.0" encoding="UTF-8"?>
<!DOCTYPE html PUBLIC "-//W3C//DTD XHTML 1.0 Transitional//EN"
    "http://www.w3.org/TR/xhtml1/DTD/xhtml1-transitional.dtd">
<html xmlns="http://www.w3.org/1999/xhtml" xml:lang="en" lang="en">
 <head>
  <title>
</title>
<meta http-equiv="Content-Type" content="text/html;charset=utf-8" />
  <meta name='ocr-system' content='tesseract 3.04.00' />
  <meta name='ocr-capabilities' content='ocr_page ocr_carea ocr_par ocr_line ocrx_word'/>
</head>
<body>
  <div class='ocr_page' id='page_1' title='image "./orationessexcum00hypegoog_0021.png"; bbox 0 0 2392 3840; ppageno 0'>
   <div class='ocr_carea' id='block_1_1' title="bbox 101 103 712 160">
    <p class='ocr_par' dir='ltr' id='par_1_1' title="bbox 101 103 712 160">
     <span class='ocr_line' id='line_1_1' title="bbox 101 103 712 160; baseline 0.002 -1"><span class='ocrx_word' id='word_1_1' title='bbox 101 105 167 160; x_wconf 89' lang='lat' dir='ltr'>XVI</span> <span class='ocrx_word' id='word_1_2' title='bbox 506 103 712 160; x_wconf 81' lang='lat' dir='ltr'><strong>PRAEFATIO</strong></span> 
     </span>
    </p>
   </div>
   <div class='ocr_carea' id='block_1_2' title="bbox 1 253 1139 3516">
    <p class='ocr_par' dir='ltr' id='par_1_2' title="bbox 1 253 1139 3516">
     <span class='ocr_line' id='line_1_2' title="bbox 101 253 1114 334; baseline 0.002 -20"><span class='ocrx_word' id='word_1_3' title='bbox 101 256 239 334; x_wconf 80' lang='lat' dir='ltr'>missum,</span> <span class='ocrx_word' id='word_1_4' title='bbox 263 253 368 314; x_wconf 89' lang='lat' dir='ltr'>deinde</span> <span class='ocrx_word' id='word_1_5' title='bbox 391 255 471 315; x_wconf 83' lang='lat' dir='ltr'>vitro</span> <span class='ocrx_word' id='word_1_6' title='bbox 495 255 533 314; x_wconf 91' lang='lat' dir='ltr'>ab</span> <span class='ocrx_word' id='word_1_7' title='bbox 556 260 686 332; x_wconf 90' lang='lat' dir='ltr'>utraque</span> <span class='ocrx_word' id='word_1_8' title='bbox 712 259 798 331; x_wconf 88' lang='lat' dir='ltr'>parte</span> <span class='ocrx_word' id='word_1_9' title='bbox 826 257 987 333; x_wconf 83' lang='lat' dir='ltr'>ligneaque</span> <span class='ocrx_word' id='word_1_10' title='bbox 1014 257 1114 316; x_wconf 88' lang='lat' dir='ltr'>forma</span> 
     </span>
     <span class='ocr_line' id='line_1_3' title="bbox 103 344 897 420; baseline 0 -17"><span class='ocrx_word' id='word_1_11' title='bbox 103 346 251 404; x_wconf 91' lang='lat' dir='ltr'>munitum</span> <span class='ocrx_word' id='word_1_12' title='bbox 272 345 304 402; x_wconf 93' lang='lat' dir='ltr'>in</span> <span class='ocrx_word' id='word_1_13' title='bbox 326 344 431 403; x_wconf 89' lang='lat' dir='ltr'>Museo</span> <span class='ocrx_word' id='word_1_14' title='bbox 454 345 629 403; x_wconf 89' lang='lat' dir='ltr'>Britannico</span> <span class='ocrx_word' id='word_1_15' title='bbox 651 346 820 420; x_wconf 87' lang='lat' dir='ltr'>repositum</span> <span class='ocrx_word' id='word_1_16' title='bbox 843 348 897 404; x_wconf 89' lang='lat' dir='ltr'>est.</span> 
     </span>
     <span class='ocr_line' id='line_1_4' title="bbox 1 428 1114 530; baseline 0.001 -38"><span class='ocrx_word' id='word_1_17' title='bbox 1 428 147 530; x_wconf 49' lang='lat' dir='ltr'>ffqugssjssgg</span> <span class='ocrx_word' id='word_1_18' title='bbox 243 431 263 509; x_wconf 65' lang='grc' dir='ltr'>ἓ</span> <span class='ocrx_word' id='word_1_19' title='bbox 283 436 311 493; x_wconf 86' lang='grc'>9.</span> <span class='ocrx_word' id='word_1_20' title='bbox 348 433 420 492; x_wconf 90' lang='lat' dir='ltr'>Ideo</span> <span class='ocrx_word' id='word_1_21' title='bbox 445 437 546 492; x_wconf 87' lang='lat' dir='ltr'>autem</span> <span class='ocrx_word' id='word_1_22' title='bbox 568 437 686 493; x_wconf 87' lang='lat' dir='ltr'>sextum</span> <span class='ocrx_word' id='word_1_23' title='bbox 703 434 906 512; x_wconf 73' lang='lat' dir='ltr'><strong>fragmentum</strong></span> <span class='ocrx_word' id='word_1_24' title='bbox 931 434 968 492; x_wconf 90' lang='lat' dir='ltr'>ad</span> <span class='ocrx_word' id='word_1_25' title='bbox 987 437 1114 509; x_wconf 91' lang='lat' dir='ltr'>posteri-</span> 
     </span>
     <span class='ocr_line' id='line_1_5' title="bbox 12 522 1113 599; baseline 0 -17"><span class='ocrx_word' id='word_1_26' title='bbox 12 535 136 576; x_wconf 74' lang='lat' dir='ltr'>voluminis</span> <span class='ocrx_word' id='word_1_27' title='bbox 154 542 240 582; x_wconf 90' lang='lat' dir='ltr'>orum</span> <span class='ocrx_word' id='word_1_28' title='bbox 263 522 470 582; x_wconf 89' lang='lat' dir='ltr'>columnarum</span> <span class='ocrx_word' id='word_1_29' title='bbox 499 522 632 599; x_wconf 80' lang='lat' dir='ltr'>aliquam</span> <span class='ocrx_word' id='word_1_30' title='bbox 661 523 843 598; x_wconf 80' lang='lat' dir='ltr'><strong>pertinuisse</strong></span> <span class='ocrx_word' id='word_1_31' title='bbox 873 523 1005 596; x_wconf 86' lang='lat' dir='ltr'>affirmo,</span> <span class='ocrx_word' id='word_1_32' title='bbox 1034 524 1113 598; x_wconf 91' lang='lat' dir='ltr'>quod</span> 
     </span>
     <span class='ocr_line' id='line_1_6' title="bbox 55 589 1113 688; baseline -0.002 -16"><span class='ocrx_word' id='word_1_33' title='bbox 55 589 93 628; x_wconf 48' lang='grc' dir='ltr'>Μ’</span> <span class='ocrx_word' id='word_1_34' title='bbox 154 614 275 672; x_wconf 87' lang='lat' dir='ltr'>chartae</span> <span class='ocrx_word' id='word_1_35' title='bbox 301 611 416 687; x_wconf 89' lang='lat' dir='ltr'>species</span> <span class='ocrx_word' id='word_1_36' title='bbox 444 611 595 687; x_wconf 84' lang='lat' dir='ltr'>prioribus</span> <span class='ocrx_word' id='word_1_37' title='bbox 622 611 655 669; x_wconf 91' lang='lat' dir='ltr'>id</span> <span class='ocrx_word' id='word_1_38' title='bbox 678 612 808 671; x_wconf 82' lang='lat' dir='ltr'>adscribi</span> <span class='ocrx_word' id='word_1_39' title='bbox 834 614 927 673; x_wconf 81' lang='lat' dir='ltr'>vetat.</span> <span class='ocrx_word' id='word_1_40' title='bbox 976 611 1113 688; x_wconf 82' lang='lat' dir='ltr'>Namque</span> 
     </span>
     <span class='ocr_line' id='line_1_7' title="bbox 102 699 1116 761; baseline -0.002 0"><span class='ocrx_word' id='word_1_41' title='bbox 102 701 171 761; x_wconf 88' lang='lat' dir='ltr'>inde</span> <span class='ocrx_word' id='word_1_42' title='bbox 203 702 241 759; x_wconf 90' lang='lat' dir='ltr'>ab</span> <span class='ocrx_word' id='word_1_43' title='bbox 270 699 321 759; x_wconf 89' lang='lat' dir='ltr'>XI.</span> <span class='ocrx_word' id='word_1_44' title='bbox 353 701 490 759; x_wconf 89' lang='lat' dir='ltr'>columna</span> <span class='ocrx_word' id='word_1_45' title='bbox 523 700 617 759; x_wconf 89' lang='lat' dir='ltr'>fibrae</span> <span class='ocrx_word' id='word_1_46' title='bbox 651 719 712 759; x_wconf 93' lang='lat' dir='ltr'>non</span> <span class='ocrx_word' id='word_1_47' title='bbox 746 704 847 760; x_wconf 90' lang='lat' dir='ltr'>rectae</span> <span class='ocrx_word' id='word_1_48' title='bbox 870 703 917 759; x_wconf 86' lang='lat' dir='ltr'>-ut</span> <span class='ocrx_word' id='word_1_49' title='bbox 945 704 1035 759; x_wconf 89' lang='lat' dir='ltr'>antea</span> <span class='ocrx_word' id='word_1_50' title='bbox 1063 701 1116 760; x_wconf 90' lang='lat' dir='ltr'>sed</span> 
     </span>
     <span class='ocr_line' id='line_1_8' title="bbox 102 789 1115 866; baseline -0.001 -16"><span class='ocrx_word' id='word_1_51' title='bbox 102 794 291 850; x_wconf 85' lang='lat' dir='ltr'>transversae</span> <span class='ocrx_word' id='word_1_52' title='bbox 315 790 492 866; x_wconf 90' lang='lat' dir='ltr'>decurrunt,</span> <span class='ocrx_word' id='word_1_53' title='bbox 523 807 619 864; x_wconf 87' lang='lat' dir='ltr'>neque</span> <span class='ocrx_word' id='word_1_54' title='bbox 647 791 786 864; x_wconf 87' lang='lat' dir='ltr'>cuiquam</span> <span class='ocrx_word' id='word_1_55' title='bbox 814 789 866 864; x_wconf 91' lang='lat' dir='ltr'>qui</span> <span class='ocrx_word' id='word_1_56' title='bbox 892 809 1043 866; x_wconf 84' lang='lat' dir='ltr'>papyrum</span> <span class='ocrx_word' id='word_1_57' title='bbox 1070 791 1115 849; x_wconf 93' lang='lat' dir='ltr'>in·</span> 
     </span>
     <span class='ocr_line' id='line_1_9' title="bbox 102 878 1116 955; baseline -0.001 -16"><span class='ocrx_word' id='word_1_58' title='bbox 102 878 233 955; x_wconf 82' lang='lat' dir='ltr'>sperarit</span> <span class='ocrx_word' id='word_1_59' title='bbox 255 878 381 937; x_wconf 89' lang='lat' dir='ltr'>dubium</span> <span class='ocrx_word' id='word_1_60' title='bbox 404 896 468 937; x_wconf 86' lang='lat' dir='ltr'>esse</span> <span class='ocrx_word' id='word_1_61' title='bbox 492 882 601 953; x_wconf 78' lang='lat' dir='ltr'>potest,</span> <span class='ocrx_word' id='word_1_62' title='bbox 624 879 697 953; x_wconf 93' lang='lat' dir='ltr'>quin</span> <span class='ocrx_word' id='word_1_63' title='bbox 716 898 752 938; x_wconf 85' lang='lat' dir='ltr'>ex</span> <span class='ocrx_word' id='word_1_64' title='bbox 774 878 891 938; x_wconf 91' lang='lat' dir='ltr'>duabus</span> <span class='ocrx_word' id='word_1_65' title='bbox 911 878 1022 938; x_wconf 88' lang='lat' dir='ltr'>chartis</span> <span class='ocrx_word' id='word_1_66' title='bbox 1043 879 1116 938; x_wconf 91' lang='lat' dir='ltr'>olim</span> 
     </span>
     <span class='ocr_line' id='line_1_10' title="bbox 102 966 1139 1044; baseline 0.001 -18"><span class='ocrx_word' id='word_1_67' title='bbox 102 966 249 1044; x_wconf 87' lang='lat' dir='ltr'>separatis</span> <span class='ocrx_word' id='word_1_68' title='bbox 280 967 506 1043; x_wconf 88' lang='lat' dir='ltr'>conglutinatus</span> <span class='ocrx_word' id='word_1_69' title='bbox 536 967 586 1026; x_wconf 85' lang='lat' dir='ltr'>sit.</span> <span class='ocrx_word' id='word_1_70' title='bbox 635 967 671 1026; x_wconf 91' lang='lat' dir='ltr'>Id</span> <span class='ocrx_word' id='word_1_71' title='bbox 701 971 804 1026; x_wconf 85' lang='lat' dir='ltr'>autem</span> <span class='ocrx_word' id='word_1_72' title='bbox 833 966 939 1042; x_wconf 88' lang='lat' dir='ltr'>quanti</span> <span class='ocrx_word' id='word_1_73' title='bbox 964 969 1139 1027; x_wconf 89' lang='lat' dir='ltr'>momenti·</span> 
     </span>
     <span class='ocr_line' id='line_1_11' title="bbox 102 1055 1115 1134; baseline 0.001 -19"><span class='ocrx_word' id='word_1_74' title='bbox 102 1056 142 1116; x_wconf 88' lang='lat' dir='ltr'>sit</span> <span class='ocrx_word' id='word_1_75' title='bbox 165 1055 267 1116; x_wconf 89' lang='lat' dir='ltr'>statim</span> <span class='ocrx_word' id='word_1_76' title='bbox 290 1055 455 1132; x_wconf 87' lang='lat' dir='ltr'>apparebit.</span> <span class='ocrx_word' id='word_1_77' title='bbox 501 1055 558 1114; x_wconf 83' lang='lat' dir='ltr'>Est</span> <span class='ocrx_word' id='word_1_78' title='bbox 581 1055 661 1115; x_wconf 91' lang='lat' dir='ltr'>enim</span> <span class='ocrx_word' id='word_1_79' title='bbox 684 1056 951 1134; x_wconf 54' lang='lat' dir='ltr'>opisthographos</span> <span class='ocrx_word' id='word_1_80' title='bbox 984 1060 1115 1133; x_wconf 78' lang='lat' dir='ltr'>suntque</span> 
     </span>
     <span class='ocr_line' id='line_1_12' title="bbox 101 1144 1115 1222; baseline 0.002 -19"><span class='ocrx_word' id='word_1_81' title='bbox 101 1145 133 1203; x_wconf 90' lang='lat' dir='ltr'>in</span> <span class='ocrx_word' id='word_1_82' title='bbox 169 1163 275 1205; x_wconf 81' lang='lat' dir='ltr'>aversa</span> <span class='ocrx_word' id='word_1_83' title='bbox 306 1147 369 1204; x_wconf 90' lang='lat' dir='ltr'>eius</span> <span class='ocrx_word' id='word_1_84' title='bbox 401 1148 487 1220; x_wconf 86' lang='lat' dir='ltr'>parte</span> <span class='ocrx_word' id='word_1_85' title='bbox 525 1144 691 1219; x_wconf 88' lang='lat' dir='ltr'>scripturae</span> <span class='ocrx_word' id='word_1_86' title='bbox 728 1144 883 1204; x_wconf 87' lang='lat' dir='ltr'>cuiusdam</span> <span class='ocrx_word' id='word_1_87' title='bbox 912 1146 1115 1222; x_wconf 78' lang='lat' dir='ltr'>astrologicae</span> 
     </span>
     <span class='ocr_line' id='line_1_13' title="bbox 102 1233 1113 1310; baseline 0.001 -17"><span class='ocrx_word' id='word_1_88' title='bbox 102 1235 257 1293; x_wconf 87' lang='lat' dir='ltr'>columnae</span> <span class='ocrx_word' id='word_1_89' title='bbox 276 1252 335 1305; x_wconf 85' lang='lat' dir='ltr'>ser,</span> <span class='ocrx_word' id='word_1_90' title='bbox 359 1253 485 1310; x_wconf 89' lang='lat' dir='ltr'>quarum</span> <span class='ocrx_word' id='word_1_91' title='bbox 505 1233 605 1308; x_wconf 87' lang='lat' dir='ltr'>capita</span> <span class='ocrx_word' id='word_1_92' title='bbox 627 1233 695 1292; x_wconf 92' lang='lat' dir='ltr'>imis</span> <span class='ocrx_word' id='word_1_93' title='bbox 714 1233 955 1310; x_wconf 84' lang='lat' dir='ltr'>Hyperidearum</span> <span class='ocrx_word' id='word_1_94' title='bbox 974 1234 1113 1310; x_wconf 88' lang='lat' dir='ltr'>partibus</span> 
     </span>
     <span class='ocr_line' id='line_1_14' title="bbox 102 1322 1113 1401; baseline 0.003 -20"><span class='ocrx_word' id='word_1_95' title='bbox 102 1342 138 1381; x_wconf 85' lang='lat' dir='ltr'>ex</span> <span class='ocrx_word' id='word_1_96' title='bbox 161 1323 286 1384; x_wconf 82' lang='lat' dir='ltr'>adverso</span> <span class='ocrx_word' id='word_1_97' title='bbox 306 1323 406 1399; x_wconf 89' lang='lat' dir='ltr'>posita</span> <span class='ocrx_word' id='word_1_98' title='bbox 424 1325 504 1382; x_wconf 89' lang='lat' dir='ltr'>suut.</span> <span class='ocrx_word' id='word_1_99' title='bbox 549 1322 657 1397; x_wconf 87' lang='lat' dir='ltr'>Itaque</span> <span class='ocrx_word' id='word_1_100' title='bbox 675 1322 772 1397; x_wconf 91' lang='lat' dir='ltr'>prima</span> <span class='ocrx_word' id='word_1_101' title='bbox 790 1322 844 1382; x_wconf 85' lang='lat' dir='ltr'>illa</span> <span class='ocrx_word' id='word_1_102' title='bbox 862 1322 921 1382; x_wconf 92' lang='lat' dir='ltr'>duo</span> <span class='ocrx_word' id='word_1_103' title='bbox 940 1324 1113 1401; x_wconf 84' lang='lat' dir='ltr'>fragmenta</span> 
     </span>
     <span class='ocr_line' id='line_1_15' title="bbox 102 1410 1114 1489; baseline 0.002 -19"><span class='ocrx_word' id='word_1_104' title='bbox 102 1412 180 1486; x_wconf 87' lang='lat' dir='ltr'>libri,</span> <span class='ocrx_word' id='word_1_105' title='bbox 203 1431 279 1488; x_wconf 90' lang='lat' dir='ltr'>quae</span> <span class='ocrx_word' id='word_1_106' title='bbox 302 1411 508 1489; x_wconf 86' lang='lat' dir='ltr'>coniungenda</span> <span class='ocrx_word' id='word_1_107' title='bbox 532 1429 596 1470; x_wconf 90' lang='lat' dir='ltr'>esse</span> <span class='ocrx_word' id='word_1_108' title='bbox 620 1410 690 1483; x_wconf 85' lang='lat' dir='ltr'>diri,</span> <span class='ocrx_word' id='word_1_109' title='bbox 718 1413 755 1470; x_wconf 91' lang='lat' dir='ltr'>ab</span> <span class='ocrx_word' id='word_1_110' title='bbox 779 1412 877 1470; x_wconf 87' lang='lat' dir='ltr'>altera</span> <span class='ocrx_word' id='word_1_111' title='bbox 890 1431 1008 1487; x_wconf 91' lang='lat' dir='ltr'>quoqne</span> <span class='ocrx_word' id='word_1_112' title='bbox 1028 1416 1114 1488; x_wconf 89' lang='lat' dir='ltr'>parte</span> 
     </span>
     <span class='ocr_line' id='line_1_16' title="bbox 100 1500 1113 1579; baseline 0.002 -21"><span class='ocrx_word' id='word_1_113' title='bbox 100 1501 229 1576; x_wconf 89' lang='lat' dir='ltr'>primam</span> <span class='ocrx_word' id='word_1_114' title='bbox 257 1502 426 1560; x_wconf 85' lang='lat' dir='ltr'>columnam</span> <span class='ocrx_word' id='word_1_115' title='bbox 451 1501 615 1575; x_wconf 86' lang='lat' dir='ltr'>habebant3</span> <span class='ocrx_word' id='word_1_116' title='bbox 646 1500 771 1559; x_wconf 80' lang='lat' dir='ltr'>tertium</span> <span class='ocrx_word' id='word_1_117' title='bbox 801 1504 1002 1576; x_wconf 89' lang='lat' dir='ltr'>quartumque</span> <span class='ocrx_word' id='word_1_118' title='bbox 1034 1503 1113 1579; x_wconf 85' lang='lat' dir='ltr'>frag-</span> 
     </span>
     <span class='ocr_line' id='line_1_17' title="bbox 101 1589 1113 1666; baseline 0.003 -19"><span class='ocrx_word' id='word_1_119' title='bbox 101 1597 235 1648; x_wconf 85' lang='lat' dir='ltr'>mentum</span> <span class='ocrx_word' id='word_1_120' title='bbox 257 1590 388 1663; x_wconf 89' lang='lat' dir='ltr'>reliquas</span> <span class='ocrx_word' id='word_1_121' title='bbox 411 1591 535 1666; x_wconf 84' lang='lat' dir='ltr'>habent;</span> <span class='ocrx_word' id='word_1_122' title='bbox 561 1589 615 1648; x_wconf 89' lang='lat' dir='ltr'>sed</span> <span class='ocrx_word' id='word_1_123' title='bbox 639 1591 779 1666; x_wconf 91' lang='lat' dir='ltr'>quintum</span> <span class='ocrx_word' id='word_1_124' title='bbox 802 1609 896 1665; x_wconf 90' lang='lat' dir='ltr'>eaque</span> <span class='ocrx_word' id='word_1_125' title='bbox 915 1591 1016 1665; x_wconf 84' lang='lat' dir='ltr'>quarti</span> <span class='ocrx_word' id='word_1_126' title='bbox 1034 1609 1113 1666; x_wconf 78' lang='lat' dir='ltr'>pars,</span> 
     </span>
     <span class='ocr_line' id='line_1_18' title="bbox 101 1677 1112 1757; baseline 0.003 -21"><span class='ocrx_word' id='word_1_127' title='bbox 101 1679 133 1736; x_wconf 91' lang='lat' dir='ltr'>in</span> <span class='ocrx_word' id='word_1_128' title='bbox 154 1697 216 1755; x_wconf 89' lang='lat' dir='ltr'>qua</span> <span class='ocrx_word' id='word_1_129' title='bbox 237 1678 288 1738; x_wconf 90' lang='lat' dir='ltr'>XI.</span> <span class='ocrx_word' id='word_1_130' title='bbox 305 1677 468 1756; x_wconf 86' lang='lat' dir='ltr'>Hyperidis</span> <span class='ocrx_word' id='word_1_131' title='bbox 492 1679 631 1738; x_wconf 89' lang='lat' dir='ltr'>columna</span> <span class='ocrx_word' id='word_1_132' title='bbox 659 1679 772 1755; x_wconf 86' lang='lat' dir='ltr'>scripta</span> <span class='ocrx_word' id='word_1_133' title='bbox 797 1681 858 1754; x_wconf 84' lang='lat' dir='ltr'>est,</span> <span class='ocrx_word' id='word_1_134' title='bbox 882 1699 900 1738; x_wconf 88' lang='lat' dir='ltr'>a</span> <span class='ocrx_word' id='word_1_135' title='bbox 922 1682 1009 1757; x_wconf 91' lang='lat' dir='ltr'>tergo</span> <span class='ocrx_word' id='word_1_136' title='bbox 1034 1680 1112 1739; x_wconf 93' lang='lat' dir='ltr'>omni</span> 
     </span>
     <span class='ocr_line' id='line_1_19' title="bbox 101 1767 1113 1844; baseline 0.002 -18"><span class='ocrx_word' id='word_1_137' title='bbox 101 1769 252 1844; x_wconf 83' lang='lat' dir='ltr'>scriptura</span> <span class='ocrx_word' id='word_1_138' title='bbox 273 1771 389 1828; x_wconf 81' lang='lat' dir='ltr'>vacant.</span> <span class='ocrx_word' id='word_1_139' title='bbox 434 1767 484 1826; x_wconf 88' lang='lat' dir='ltr'>Ita</span> <span class='ocrx_word' id='word_1_140' title='bbox 506 1788 542 1827; x_wconf 87' lang='lat' dir='ltr'>ex</span> <span class='ocrx_word' id='word_1_141' title='bbox 565 1767 682 1827; x_wconf 90' lang='lat' dir='ltr'>duabus</span> <span class='ocrx_word' id='word_1_142' title='bbox 711 1768 835 1841; x_wconf 86' lang='lat' dir='ltr'>chartis,</span> <span class='ocrx_word' id='word_1_143' title='bbox 864 1787 880 1827; x_wconf 93' lang='lat' dir='ltr'>e</span> <span class='ocrx_word' id='word_1_144' title='bbox 904 1767 1015 1843; x_wconf 89' lang='lat' dir='ltr'>quibus</span> <span class='ocrx_word' id='word_1_145' title='bbox 1045 1788 1113 1829; x_wconf 90' lang='lat' dir='ltr'>con·</span> 
     </span>
     <span class='ocr_line' id='line_1_20' title="bbox 101 1851 1113 1934; baseline 0.001 -18"><span class='ocrx_word' id='word_1_146' title='bbox 101 1860 163 1916; x_wconf 88' lang='lat' dir='ltr'>stat</span> <span class='ocrx_word' id='word_1_147' title='bbox 185 1858 340 1934; x_wconf 74' lang='lat' dir='ltr'>volumen,</span> <span class='ocrx_word' id='word_1_148' title='bbox 370 1857 467 1916; x_wconf 89' lang='lat' dir='ltr'>altera</span> <span class='ocrx_word' id='word_1_149' title='bbox 493 1859 618 1915; x_wconf 87' lang='lat' dir='ltr'>tantum</span> <span class='ocrx_word' id='word_1_150' title='bbox 645 1851 886 1931; x_wconf 74' lang='grc' dir='ltr'>ὀπιεθόγραφο(</span> <span class='ocrx_word' id='word_1_151' title='bbox 914 1859 968 1916; x_wconf 91' lang='lat' dir='ltr'>est.</span> <span class='ocrx_word' id='word_1_152' title='bbox 1013 1857 1113 1917; x_wconf 83' lang='lat' dir='ltr'>Accu·</span> 
     </span>
     <span class='ocr_line' id='line_1_21' title="bbox 100 1944 1111 2020; baseline 0 -16"><span class='ocrx_word' id='word_1_153' title='bbox 100 1946 197 2004; x_wconf 88' lang='lat' dir='ltr'>ratius</span> <span class='ocrx_word' id='word_1_154' title='bbox 232 1964 326 2020; x_wconf 93' lang='lat' dir='ltr'>quum</span> <span class='ocrx_word' id='word_1_155' title='bbox 358 1944 536 2020; x_wconf 83' lang='lat' dir='ltr'>inspexeris,</span> <span class='ocrx_word' id='word_1_156' title='bbox 571 1945 688 2004; x_wconf 83' lang='lat' dir='ltr'>videbis</span> <span class='ocrx_word' id='word_1_157' title='bbox 719 1965 734 2004; x_wconf 91' lang='lat' dir='ltr'>e</span> <span class='ocrx_word' id='word_1_158' title='bbox 767 1965 819 2005; x_wconf 85' lang='lat' dir='ltr'>ser</span> <span class='ocrx_word' id='word_1_159' title='bbox 855 1963 979 2006; x_wconf 81' lang='lat' dir='ltr'>aversae</span> <span class='ocrx_word' id='word_1_160' title='bbox 1013 1947 1111 2020; x_wconf 88' lang='lat' dir='ltr'>partis</span> 
     </span>
     <span class='ocr_line' id='line_1_22' title="bbox 101 2033 1112 2112; baseline 0.001 -20"><span class='ocrx_word' id='word_1_161' title='bbox 101 2033 246 2092; x_wconf 89' lang='lat' dir='ltr'>columnis</span> <span class='ocrx_word' id='word_1_162' title='bbox 269 2034 408 2093; x_wconf 89' lang='lat' dir='ltr'>ultimam</span> <span class='ocrx_word' id='word_1_163' title='bbox 436 2033 544 2091; x_wconf 89' lang='lat' dir='ltr'>mirum</span> <span class='ocrx_word' id='word_1_164' title='bbox 572 2034 603 2092; x_wconf 88' lang='lat' dir='ltr'>in</span> <span class='ocrx_word' id='word_1_165' title='bbox 629 2035 751 2093; x_wconf 89' lang='lat' dir='ltr'>modum</span> <span class='ocrx_word' id='word_1_166' title='bbox 778 2037 1008 2112; x_wconf 74' lang='lat' dir='ltr'>coangustatam</span> <span class='ocrx_word' id='word_1_167' title='bbox 1035 2050 1112 2112; x_wconf 83' lang='lat' dir='ltr'>esse,</span> 
     </span>
     <span class='ocr_line' id='line_1_23' title="bbox 100 2122 1113 2199; baseline 0.002 -19"><span class='ocrx_word' id='word_1_168' title='bbox 100 2125 137 2181; x_wconf 90' lang='lat' dir='ltr'>ut</span> <span class='ocrx_word' id='word_1_169' title='bbox 159 2123 339 2181; x_wconf 89' lang='lat' dir='ltr'>alterutrum</span> <span class='ocrx_word' id='word_1_170' title='bbox 361 2122 417 2181; x_wconf 89' lang='lat' dir='ltr'>tibi</span> <span class='ocrx_word' id='word_1_171' title='bbox 441 2123 618 2183; x_wconf 90' lang='lat' dir='ltr'>sumendum</span> <span class='ocrx_word' id='word_1_172' title='bbox 642 2123 694 2182; x_wconf 89' lang='lat' dir='ltr'>sit:</span> <span class='ocrx_word' id='word_1_173' title='bbox 722 2127 775 2182; x_wconf 89' lang='lat' dir='ltr'>aut</span> <span class='ocrx_word' id='word_1_174' title='bbox 802 2123 946 2183; x_wconf 85' lang='lat' dir='ltr'>defecisse</span> <span class='ocrx_word' id='word_1_175' title='bbox 979 2123 1113 2199; x_wconf 86' lang='lat' dir='ltr'>spatium</span> 
     </span>
     <span class='ocr_line' id='line_1_24' title="bbox 102 2210 1114 2288; baseline 0.001 -18"><span class='ocrx_word' id='word_1_176' title='bbox 102 2230 172 2270; x_wconf 90' lang='lat' dir='ltr'>eum</span> <span class='ocrx_word' id='word_1_177' title='bbox 199 2210 251 2286; x_wconf 89' lang='lat' dir='ltr'>qui</span> <span class='ocrx_word' id='word_1_178' title='bbox 278 2211 446 2287; x_wconf 84' lang='lat' dir='ltr'>scripserit,</span> <span class='ocrx_word' id='word_1_179' title='bbox 479 2214 533 2270; x_wconf 88' lang='lat' dir='ltr'>aut</span> <span class='ocrx_word' id='word_1_180' title='bbox 560 2212 624 2271; x_wconf 89' lang='lat' dir='ltr'>eius</span> <span class='ocrx_word' id='word_1_181' title='bbox 653 2212 807 2271; x_wconf 88' lang='lat' dir='ltr'>columnae</span> <span class='ocrx_word' id='word_1_182' title='bbox 835 2217 953 2288; x_wconf 84' lang='lat' dir='ltr'>partem</span> <span class='ocrx_word' id='word_1_183' title='bbox 981 2211 1114 2287; x_wconf 85' lang='lat' dir='ltr'>aliquam</span> 
     </span>
     <span class='ocr_line' id='line_1_25' title="bbox 102 2300 1113 2378; baseline 0.002 -20"><span class='ocrx_word' id='word_1_184' title='bbox 102 2300 252 2359; x_wconf 89' lang='lat' dir='ltr'>abscisam</span> <span class='ocrx_word' id='word_1_185' title='bbox 283 2301 345 2359; x_wconf 83' lang='lat' dir='ltr'>sire</span> <span class='ocrx_word' id='word_1_186' title='bbox 373 2300 498 2359; x_wconf 87' lang='lat' dir='ltr'>alterius</span> <span class='ocrx_word' id='word_1_187' title='bbox 531 2302 651 2360; x_wconf 90' lang='lat' dir='ltr'>chartae</span> <span class='ocrx_word' id='word_1_188' title='bbox 684 2301 925 2378; x_wconf 88' lang='lat' dir='ltr'>agglutinatione</span> <span class='ocrx_word' id='word_1_189' title='bbox 957 2300 1113 2360; x_wconf 83' lang='lat' dir='ltr'>inductam</span> 
     </span>
     <span class='ocr_line' id='line_1_26' title="bbox 102 2389 1113 2467; baseline 0 -19"><span class='ocrx_word' id='word_1_190' title='bbox 102 2407 175 2448; x_wconf 87' lang='lat' dir='ltr'>esse.</span> <span class='ocrx_word' id='word_1_191' title='bbox 230 2389 303 2448; x_wconf 91' lang='lat' dir='ltr'>Inde</span> <span class='ocrx_word' id='word_1_192' title='bbox 335 2393 438 2448; x_wconf 88' lang='lat' dir='ltr'>autem</span> <span class='ocrx_word' id='word_1_193' title='bbox 468 2391 637 2450; x_wconf 90' lang='lat' dir='ltr'>necessario</span> <span class='ocrx_word' id='word_1_194' title='bbox 670 2391 874 2467; x_wconf 82' lang='lat' dir='ltr'>consequitur,</span> <span class='ocrx_word' id='word_1_195' title='bbox 912 2409 946 2449; x_wconf 87' lang='lat' dir='ltr'>eo</span> <span class='ocrx_word' id='word_1_196' title='bbox 977 2394 1113 2465; x_wconf 87' lang='lat' dir='ltr'>tempore</span> 
     </span>
     <span class='ocr_line' id='line_1_27' title="bbox 102 2478 1113 2556; baseline 0.002 -20"><span class='ocrx_word' id='word_1_197' title='bbox 102 2497 160 2553; x_wconf 92' lang='lat' dir='ltr'>quo</span> <span class='ocrx_word' id='word_1_198' title='bbox 189 2479 262 2537; x_wconf 90' lang='lat' dir='ltr'>baec</span> <span class='ocrx_word' id='word_1_199' title='bbox 289 2479 470 2556; x_wconf 85' lang='lat' dir='ltr'>astrologica</span> <span class='ocrx_word' id='word_1_200' title='bbox 498 2479 610 2555; x_wconf 86' lang='lat' dir='ltr'>scripta</span> <span class='ocrx_word' id='word_1_201' title='bbox 637 2479 698 2538; x_wconf 88' lang='lat' dir='ltr'>sint</span> <span class='ocrx_word' id='word_1_202' title='bbox 725 2478 799 2538; x_wconf 89' lang='lat' dir='ltr'>duas</span> <span class='ocrx_word' id='word_1_203' title='bbox 832 2480 952 2538; x_wconf 89' lang='lat' dir='ltr'>chartas</span> <span class='ocrx_word' id='word_1_204' title='bbox 980 2479 1113 2538; x_wconf 89' lang='lat' dir='ltr'>nondum</span> 
     </span>
     <span class='ocr_line' id='line_1_28' title="bbox 102 2566 1112 2644; baseline 0.002 -20"><span class='ocrx_word' id='word_1_205' title='bbox 102 2566 274 2626; x_wconf 88' lang='lat' dir='ltr'>coniunctas</span> <span class='ocrx_word' id='word_1_206' title='bbox 297 2567 403 2644; x_wconf 89' lang='lat' dir='ltr'>fuisse,</span> <span class='ocrx_word' id='word_1_207' title='bbox 428 2571 459 2626; x_wconf 91' lang='lat' dir='ltr'>et</span> <span class='ocrx_word' id='word_1_208' title='bbox 480 2568 512 2626; x_wconf 91' lang='lat' dir='ltr'>in</span> <span class='ocrx_word' id='word_1_209' title='bbox 536 2568 599 2626; x_wconf 90' lang='lat' dir='ltr'>eius</span> <span class='ocrx_word' id='word_1_210' title='bbox 623 2567 743 2626; x_wconf 89' lang='lat' dir='ltr'>demum</span> <span class='ocrx_word' id='word_1_211' title='bbox 766 2588 855 2627; x_wconf 92' lang='lat' dir='ltr'>usum</span> <span class='ocrx_word' id='word_1_212' title='bbox 879 2587 929 2626; x_wconf 91' lang='lat' dir='ltr'>eas</span> <span class='ocrx_word' id='word_1_213' title='bbox 953 2586 1020 2626; x_wconf 86' lang='lat' dir='ltr'>esse</span> <span class='ocrx_word' id='word_1_214' title='bbox 1044 2586 1112 2628; x_wconf 91' lang='lat' dir='ltr'>con·</span> 
     </span>
     <span class='ocr_line' id='line_1_29' title="bbox 101 2655 1113 2733; baseline 0.004 -21"><span class='ocrx_word' id='word_1_215' title='bbox 101 2655 228 2732; x_wconf 89' lang='lat' dir='ltr'>iunctas,</span> <span class='ocrx_word' id='word_1_216' title='bbox 247 2656 298 2732; x_wconf 92' lang='lat' dir='ltr'>qui</span> <span class='ocrx_word' id='word_1_217' title='bbox 312 2655 475 2733; x_wconf 86' lang='lat' dir='ltr'>Hyperidis</span> <span class='ocrx_word' id='word_1_218' title='bbox 495 2657 661 2716; x_wconf 90' lang='lat' dir='ltr'>orationem</span> <span class='ocrx_word' id='word_1_219' title='bbox 681 2657 844 2733; x_wconf 85' lang='lat' dir='ltr'>scripserit.</span> <span class='ocrx_word' id='word_1_220' title='bbox 873 2656 1113 2716; x_wconf 82' lang='lat' dir='ltr'>Consentaneum</span> 
     </span>
     <span class='ocr_line' id='line_1_30' title="bbox 102 2745 1114 2822; baseline 0.002 -20"><span class='ocrx_word' id='word_1_221' title='bbox 102 2747 204 2802; x_wconf 89' lang='lat' dir='ltr'>autem</span> <span class='ocrx_word' id='word_1_222' title='bbox 227 2747 281 2822; x_wconf 82' lang='lat' dir='ltr'>est,</span> <span class='ocrx_word' id='word_1_223' title='bbox 303 2745 411 2821; x_wconf 90' lang='lat' dir='ltr'>prioris</span> <span class='ocrx_word' id='word_1_224' title='bbox 435 2745 555 2804; x_wconf 88' lang='lat' dir='ltr'>chartae</span> <span class='ocrx_word' id='word_1_225' title='bbox 582 2765 642 2804; x_wconf 93' lang='lat' dir='ltr'>non</span> <span class='ocrx_word' id='word_1_226' title='bbox 670 2764 776 2806; x_wconf 81' lang='lat' dir='ltr'>aversa</span> <span class='ocrx_word' id='word_1_227' title='bbox 797 2749 883 2821; x_wconf 91' lang='lat' dir='ltr'>parte</span> <span class='ocrx_word' id='word_1_228' title='bbox 907 2745 960 2804; x_wconf 89' lang='lat' dir='ltr'>sed</span> <span class='ocrx_word' id='word_1_229' title='bbox 986 2747 1114 2806; x_wconf 82' lang='lat' dir='ltr'>adversa</span> 
     </span>
     <span class='ocr_line' id='line_1_31' title="bbox 101 2827 1112 2916; baseline 0.002 -26"><span class='ocrx_word' id='word_1_230' title='bbox 101 2833 187 2891; x_wconf 91' lang='lat' dir='ltr'>illum</span> <span class='ocrx_word' id='word_1_231' title='bbox 211 2835 397 2910; x_wconf 83' lang='lat' dir='ltr'>astrologum</span> <span class='ocrx_word' id='word_1_232' title='bbox 419 2853 508 2893; x_wconf 90' lang='lat' dir='ltr'>usum</span> <span class='ocrx_word' id='word_1_233' title='bbox 531 2853 608 2910; x_wconf 76' lang='lat' dir='ltr'>esse,</span> <span class='ocrx_word' id='word_1_234' title='bbox 636 2834 692 2893; x_wconf 87' lang='lat' dir='ltr'>hoc</span> <span class='ocrx_word' id='word_1_235' title='bbox 720 2839 766 2894; x_wconf 89' lang='lat' dir='ltr'>est</span> <span class='ocrx_word' id='word_1_236' title='bbox 795 2827 846 2916; x_wconf 88' lang='lat' dir='ltr'>(id</span> <span class='ocrx_word' id='word_1_237' title='bbox 874 2834 953 2912; x_wconf 91' lang='lat' dir='ltr'>quod</span> <span class='ocrx_word' id='word_1_238' title='bbox 975 2833 1112 2894; x_wconf 86' lang='lat' dir='ltr'>Udalrici</span> 
     </span>
     <span class='ocr_line' id='line_1_32' title="bbox 102 2916 1112 3005; baseline 0.004 -26"><span class='ocrx_word' id='word_1_239' title='bbox 102 2921 240 2981; x_wconf 89' lang='lat' dir='ltr'>Wilcken</span> <span class='ocrx_word' id='word_1_240' title='bbox 258 2941 349 2998; x_wconf 88' lang='lat' dir='ltr'>opera</span> <span class='ocrx_word' id='word_1_241' title='bbox 366 2941 443 2981; x_wconf 89' lang='lat' dir='ltr'>nunc</span> <span class='ocrx_word' id='word_1_242' title='bbox 462 2924 550 2998; x_wconf 90' lang='lat' dir='ltr'>plane</span> <span class='ocrx_word' id='word_1_243' title='bbox 569 2916 700 3005; x_wconf 84' lang='lat' dir='ltr'>constat)</span> <span class='ocrx_word' id='word_1_244' title='bbox 720 2943 755 2982; x_wconf 91' lang='lat' dir='ltr'>ea</span> <span class='ocrx_word' id='word_1_245' title='bbox 773 2924 804 2982; x_wconf 87' lang='lat' dir='ltr'>in</span> <span class='ocrx_word' id='word_1_246' title='bbox 822 2943 884 3000; x_wconf 88' lang='lat' dir='ltr'>qua</span> <span class='ocrx_word' id='word_1_247' title='bbox 901 2923 994 2982; x_wconf 89' lang='lat' dir='ltr'>fibrae</span> <span class='ocrx_word' id='word_1_248' title='bbox 1013 2926 1112 2983; x_wconf 84' lang='lat' dir='ltr'>trans·</span> 
     </span>
     <span class='ocr_line' id='line_1_33' title="bbox 101 3012 1113 3090; baseline 0.001 -19"><span class='ocrx_word' id='word_1_249' title='bbox 101 3030 205 3071; x_wconf 86' lang='lat' dir='ltr'>versae</span> <span class='ocrx_word' id='word_1_250' title='bbox 224 3013 420 3089; x_wconf 88' lang='lat' dir='ltr'>superiacent,</span> <span class='ocrx_word' id='word_1_251' title='bbox 439 3013 589 3072; x_wconf 89' lang='lat' dir='ltr'>subiectae</span> <span class='ocrx_word' id='word_1_252' title='bbox 608 3016 680 3072; x_wconf 91' lang='lat' dir='ltr'>sunt</span> <span class='ocrx_word' id='word_1_253' title='bbox 697 3017 805 3090; x_wconf 86' lang='lat' dir='ltr'>rectae,</span> <span class='ocrx_word' id='word_1_254' title='bbox 829 3016 920 3090; x_wconf 88' lang='lat' dir='ltr'>atque</span> <span class='ocrx_word' id='word_1_255' title='bbox 940 3012 1010 3072; x_wconf 81' lang='lat' dir='ltr'>iude</span> <span class='ocrx_word' id='word_1_256' title='bbox 1029 3012 1113 3072; x_wconf 80' lang='lat' dir='ltr'>diffe-</span> 
     </span>
     <span class='ocr_line' id='line_1_34' title="bbox 100 3100 1113 3178; baseline 0.001 -20"><span class='ocrx_word' id='word_1_257' title='bbox 100 3101 198 3160; x_wconf 90' lang='lat' dir='ltr'>rentia</span> <span class='ocrx_word' id='word_1_258' title='bbox 220 3101 274 3160; x_wconf 93' lang='lat' dir='ltr'>illa</span> <span class='ocrx_word' id='word_1_259' title='bbox 297 3119 388 3176; x_wconf 89' lang='lat' dir='ltr'>quam</span> <span class='ocrx_word' id='word_1_260' title='bbox 415 3100 494 3160; x_wconf 88' lang='lat' dir='ltr'>inter</span> <span class='ocrx_word' id='word_1_261' title='bbox 521 3101 597 3161; x_wconf 89' lang='lat' dir='ltr'>duas</span> <span class='ocrx_word' id='word_1_262' title='bbox 619 3105 721 3178; x_wconf 87' lang='lat' dir='ltr'>partes</span> <span class='ocrx_word' id='word_1_263' title='bbox 749 3104 919 3163; x_wconf 88' lang='lat' dir='ltr'>notavimus</span> <span class='ocrx_word' id='word_1_264' title='bbox 947 3101 1036 3160; x_wconf 88' lang='lat' dir='ltr'>facile</span> <span class='ocrx_word' id='word_1_265' title='bbox 1066 3119 1113 3160; x_wconf 84' lang='lat' dir='ltr'>ex-</span> 
     </span>
     <span class='ocr_line' id='line_1_35' title="bbox 100 3189 1112 3267; baseline 0.001 -20"><span class='ocrx_word' id='word_1_266' title='bbox 100 3190 238 3263; x_wconf 86' lang='lat' dir='ltr'>plicatur.</span> <span class='ocrx_word' id='word_1_267' title='bbox 297 3189 459 3265; x_wconf 87' lang='lat' dir='ltr'>Hyperidis</span> <span class='ocrx_word' id='word_1_268' title='bbox 500 3193 601 3249; x_wconf 86' lang='lat' dir='ltr'>autem</span> <span class='ocrx_word' id='word_1_269' title='bbox 642 3191 784 3265; x_wconf 79' lang='lat' dir='ltr'>librarius</span> <span class='ocrx_word' id='word_1_270' title='bbox 820 3191 951 3267; x_wconf 89' lang='lat' dir='ltr'>priorem</span> <span class='ocrx_word' id='word_1_271' title='bbox 994 3193 1112 3266; x_wconf 88' lang='lat' dir='ltr'>partem</span> 
     </span>
     <span class='ocr_line' id='line_1_36' title="bbox 101 3272 1111 3356; baseline 0.003 -21"><span class='ocrx_word' id='word_1_272' title='bbox 101 3272 342 3353; x_wconf 73' lang='grc' dir='ltr'>ὀπιεθόγραφον</span> <span class='ocrx_word' id='word_1_273' title='bbox 384 3278 521 3338; x_wconf 87' lang='lat' dir='ltr'>reddidit.</span> <span class='ocrx_word' id='word_1_274' title='bbox 578 3279 664 3338; x_wconf 89' lang='lat' dir='ltr'>Unde</span> <span class='ocrx_word' id='word_1_275' title='bbox 706 3281 779 3356; x_wconf 89' lang='lat' dir='ltr'>quid</span> <span class='ocrx_word' id='word_1_276' title='bbox 818 3297 921 3338; x_wconf 89' lang='lat' dir='ltr'>rursus</span> <span class='ocrx_word' id='word_1_277' title='bbox 959 3282 1111 3354; x_wconf 87' lang='lat' dir='ltr'>sequatur,</span> 
     </span>
     <span class='ocr_line' id='line_1_37' title="bbox 101 3366 1111 3444; baseline 0.002 -20"><span class='ocrx_word' id='word_1_278' title='bbox 101 3367 256 3441; x_wconf 86' lang='lat' dir='ltr'>postmodo</span> <span class='ocrx_word' id='word_1_279' title='bbox 298 3367 477 3444; x_wconf 81' lang='lat' dir='ltr'>ridebimus,</span> <span class='ocrx_word' id='word_1_280' title='bbox 519 3387 586 3427; x_wconf 92' lang='lat' dir='ltr'>cum</span> <span class='ocrx_word' id='word_1_281' title='bbox 628 3369 668 3426; x_wconf 89' lang='lat' dir='ltr'>sit</span> <span class='ocrx_word' id='word_1_282' title='bbox 708 3372 798 3428; x_wconf 86' lang='lat' dir='ltr'>antea</span> <span class='ocrx_word' id='word_1_283' title='bbox 838 3368 999 3443; x_wconf 87' lang='lat' dir='ltr'>descriptio</span> <span class='ocrx_word' id='word_1_284' title='bbox 1041 3366 1111 3428; x_wconf 88' lang='lat' dir='ltr'>libri</span> 
     </span>
     <span class='ocr_line' id='line_1_38' title="bbox 101 3454 290 3516; baseline 0.021 -4"><span class='ocrx_word' id='word_1_285' title='bbox 101 3454 290 3516; x_wconf 83' lang='lat' dir='ltr'>absolvenda.</span> 
     </span>
    </p>
   </div>
   <div class='ocr_carea' id='block_1_3' title="bbox 0 0 1200 3840">
    <p class='ocr_par' dir='ltr' id='par_1_3' title="bbox 0 0 1200 3840">
     <span class='ocr_line' id='line_1_39' title="bbox 0 0 1200 3840; baseline 0 0"><span class='ocrx_word' id='word_1_286' title='bbox 0 0 1200 3840; x_wconf 95' lang='lat' dir='ltr'> </span> 
     </span>
    </p>
   </div>
  </div>
 </body>
</html>
