2392 3840
2 741 127 834 Volumina

90 134 130 190 VI
495 132 700 187 PRAEFATIO

90 284 313 362 insperantibus
337 284 485 343 omnibus.
521 284 616 343 Nemo
637 285 715 343 enim
734 302 867 360 unquam
885 282 1025 357 opinatus
1046 286 1100 358 est,

91 375 155 434 fore
179 377 215 433 nt
235 374 367 449 primum
391 373 530 448 sepulcra
552 373 606 432 illa
629 391 705 447 quae
724 391 816 449 prope
835 371 1003 448 Aegyptias
1024 372 1101 430 The-

92 463 146 522 bas
166 462 278 522 deserti
295 464 414 534 montes
432 463 595 536 continent,
618 461 700 520 haud
718 461 964 520 contemnendam
983 464 1102 536 partem

91 551 253 629 Hyperidis
273 570 398 627 operum
416 551 502 610 nobis
520 550 687 627 redderent,
707 550 812 608 deinde
831 569 867 608 ex
881 549 948 607 aliis
963 552 1033 624 part
1020 550 1102 608 tibus

91 640 226 718 Aegypti
247 659 341 698 novae
364 640 487 716 insuper
511 639 614 740 copiae
638 596 820 698 aodederent.

234 726 303 804 §A
336 727 494 829 Ingentem
515 729 577 789 vim
599 728 787 788 voluminum
809 744 1048 829 papyraceorum
1071 728 1103 785 in

1 805 130 898 ζωὴ
94 793 290 896 ffinagypto
305 818 431 918 passim
447 836 502 892 per
525 817 661 892 sepulcra
681 817 859 875 domuumve
878 816 980 875 ruinas
999 816 1102 875 inven-

30 904 105 942 '‘MI·
146 910 210 966 tam
224 925 289 965 esse
303 905 491 983 invenirique
505 909 609 965 notum
621 908 675 980 est
690 905 741 964 sed
752 924 854 963 eorum
869 905 957 980 longe
972 905 1104 964 maxima

92 1015 163 1072 pars
181 995 303 1054 libellos
318 994 401 1053 vario
421 998 598 1073 argumento
618 994 653 1052 de
668 995 795 1069 privatis
809 994 899 1053 rebus
918 994 1102 1068 conscriptos

93 1084 236 1160 continet,
254 1102 351 1160 pauca
369 1083 531 1142 admodum
550 1083 683 1143 admixta
697 1087 767 1142 sunt
781 1101 906 1158 operum
921 1084 1102 1157 scriptorum

91 1175 280 1233 vetustorum
299 1172 490 1248 exemplaria.
529 1173 656 1231 Illarum
669 1172 824 1249 reglonum
842 1172 957 1230 incolae
976 1171 1101 1248 Arabes,

91 1265 252 1338 postquem
275 1260 514 1322 animadvertere
533 1261 687 1323 volumina
710 1280 828 1338 quoque
851 1261 905 1318 illa
929 1279 947 1319 a
970 1261 1101 1338 peregri-

91 1351 138 1410 nis
159 1351 191 1409 in
209 1350 306 1426 pretio
325 1349 439 1427 haberi,
463 1351 624 1428 diligenter
641 1350 821 1427 conquirunt
840 1352 871 1408 et
889 1351 968 1408 inter
986 1352 1102 1409 ceteras

91 1459 140 1499 res
164 1440 328 1499 venditant.
374 1439 502 1498 ExstItIt
527 1440 622 1518 igitur
648 1439 680 1497 in
707 1439 844 1515 sepulcro
869 1438 999 1515 quodam
1023 1439 1099 1498 'lhe-

91 1529 198 1588 barum
231 1529 372 1589 volumen
408 1547 612 1605 papyraceum
647 1527 813 1604 Hyperidis
851 1530 912 1586 tres
951 1527 1102 1587 orationes

92 1617 260 1696 continens,
297 1618 383 1693 quod,
411 1618 563 1693 patefacto
600 1618 737 1693 sepulcro
771 1616 808 1676 ab
838 1616 991 1675 Arabibus
1025 1617 1103 1676 circa

90 1707 274 1783 principium
296 1707 367 1766 anni
392 1708 475 1767 1847
500 1708 580 1766 inter
612 1709 713 1765 cetera
741 1706 898 1764 inventum
928 1705 1102 1780 elatumque

94 1793 187 1869 esar)
231 1795 399 1855 HabItabat
421 1795 484 1854 illic
507 1795 586 1854 inter
603 1791 707 1853 ruinas
727 1798 865 1854 vetustae
883 1793 965 1853 urbis
986 1792 1102 1866 Castel-

92 1885 187 1944 larius
210 1884 333 1962 quidam
351 1885 440 1942 homo
459 1884 565 1958 Italus,
588 1884 640 1959 qui
658 1883 774 1943 Arabes
794 1884 992 1943 assuefecerat
1012 1902 1103 1960 quae·

91 1991 207 2049 cunque
229 1973 415 2031 invenissent
439 1971 477 2030 ad
501 1991 532 2030 se
555 1971 684 2048 deferre,
712 1972 780 2032 inde
803 1973 899 2048 pretio
928 1971 1036 2048 exiguo
1061 1972 1105 2031 eis

94 2062 193 2120 soluto
217 2060 481 2138 peregrinantibus
505 2061 610 2121 eadem
631 2081 743 2138 magno
768 2060 949 2121 venditabat.
996 2060 1104 2138 Itaque

93 2169 162 2209 cum
185 2169 254 2210 vere
278 2149 349 2207 anni
374 2151 458 2209 1847
479 2150 515 2210 Α.
531 2149 562 2210 0.
585 2150 690 2209 Harris
709 2151 883 2227 Britannus,
907 2150 959 2227 qui
977 2149 1106 2209 Alexan-

92 2238 175 2298 driae
199 2237 384 2298 domicilium
407 2239 617 2317 constituerat,
643 2240 761 2298 Thebas
787 2241 927 2316 venisset,
950 2257 969 2296 a
989 2238 1106 2298 Castel-

93 2327 183 2407 lario,
207 2346 295 2405 quem
327 2345 397 2386 sane
427 2328 491 2403 ipse
520 2347 581 2390 non
611 2328 760 2404 nominat,
790 2328 917 2406 triginta
941 2327 999 2386 duo
1023 2329 1105 2405 frag-

92 2419 194 2476 menta
212 2416 328 2475 maiora
350 2417 504 2478 minorave
529 2418 651 2494 accepit,
676 2418 862 2477 continentia
884 2417 938 2475 illa
960 2417 1106 2494 reliquias

92 2505 238 2564 orationis
262 2509 366 2565 contra
384 2505 617 2567 Demosthenem
635 2506 804 2583 priorisque
822 2507 918 2582 partis
942 2506 1007 2565 eius
1026 2525 1105 2583 quae

91 2613 145 2670 pro
170 2594 368 2672 Lycophrona
392 2596 498 2655 habita
521 2599 574 2655 est.
622 2595 681 2655 Sed
703 2597 777 2654 haec
800 2596 971 2672 fragmenta
993 2596 1106 2670 prioris

91 2685 214 2742 tantum
241 2683 338 2759 partis
362 2684 524 2744 voluminis
547 2687 645 2760 erant,
673 2686 780 2744 misere
808 2683 930 2743 habItae
958 2684 1106 2759 foedeque

92 2772 286 2849 dilaceratam
320 2773 417 2832 altera
449 2791 519 2848 pars
550 2776 581 2833 et
612 2773 732 2852 integra
764 2775 916 2832 manserat
947 2791 1043 2849 neque
1074 2774 1107 2832 in

91 2880 200 2920 manne
229 2859 402 2921 Castaliarii
428 2866 559 2921 venerat.
609 2863 754 2938 Iosephus
783 2862 861 2922 enim
884 2861 1000 2937 Ardea,
1028 2863 1107 2920 iure-

92 2951 248 3010 consultus
262 2950 438 3023 Britannus,
457 2969 526 3009 cum
540 2949 602 3011 Gal.
616 2951 679 3010 Ian.
695 2971 721 3012 a.
740 2953 823 3011 1847
836 2951 953 3010 Thebas
972 2951 1108 3011 venisset

92 3042 124 3098 et
147 3041 228 3099 ultra
251 3040 343 3098 etiam
366 3057 571 3116 processurus,
594 3040 662 3100 dein
681 3041 798 3100 Thebas
817 3058 993 3101 reversurus
1018 3043 1107 3117 esset,

92 3127 211 3188 Arabes
235 3128 504 3189 commonefecerat
526 3133 561 3188 ut
584 3129 610 3188 si
633 3149 693 3207 qua
712 3129 827 3189 interea
845 3128 1030 3190 invenissent
1049 3128 1108 3188 sibi

164 3351 190 3420 *)
213 3351 254 3406 De
273 3352 318 3407 his
338 3350 466 3432 conferas
485 3349 583 3420 praela
583 3350 674 3407 tiones
698 3353 851 3409 edItionnm
870 3351 1106 3420 Britannicarum,

92 3422 269 3546 Apidenqanae
289 3421 428 3548 quaxima
452 3422 501 3477 nbi
524 3422 628 3478 diserte
650 3427 802 3479 narrantur
820 3442 892 3493 quae
910 3440 927 3477 a
946 3440 991 3478 me
1014 3423 1108 3478 obiter

85 3511 120 3543 m
138 3510 186 3546 roa
199 3511 218 3546 a
235 3511 287 3549 san
